
@article{waller_jamesfocus_2019,
	title = {{JAMESfocus} 2019 - News und Fake News},
	rights = {{ZHAW} Zürcher Hochschule für Angewandte Wissenschaften – Departement Angewandte Psychologie},
	url = {https://www.zhaw.ch/storage/psychologie/upload/forschung/medienpsychologie/james/jamesfocus/2019/JAMESfocus_News_und_Fake_News_de.pdf},
	author = {Waller, Gregor and Külling, Céline and Bernath, Jael and Suter, Lilian and Willemse, Isabel and Süss, Daniel},
	urldate = {2024-09-25},
	date = {2019},
	langid = {german},
	note = {Publisher: {ZHAW} Zürcher Hochschule für Angewandte Wissenschaften
Departement Angewandte Psychologie},
	file = {Waller - 2019 - JAMESfocus 2019 - News und Fake News.pdf:/Users/Yannick/Zotero/storage/R2IYSX6W/Waller - 2019 - JAMESfocus 2019 - News und Fake News.pdf:application/pdf},
}

@article{latzer_vertrauen_2023,
	title = {Vertrauen und Sorgen bei der Internetnutzung in der Schweiz 2023},
	url = {http://mediachange.ch/research/wip-ch-2023},
	doi = {10.5167/UZH-251585},
	author = {Latzer, Michael and Festic, Noemi and Kappeler, Kiran and Odermatt, Céline Marie},
	urldate = {2024-09-25},
	date = {2023-11},
	langid = {german},
	note = {Publisher: Universität Zürich},
	file = {Latzer et al. - 2023 - Vertrauen und Sorgen bei der Internetnutzung in de.pdf:/Users/Yannick/Zotero/storage/XH4HLISX/Latzer et al. - 2023 - Vertrauen und Sorgen bei der Internetnutzung in de.pdf:application/pdf},
}

@incollection{antos_web_2019,
	title = {Web und Wahrheit: Vorbemerkungen zu einer Didaktik informationeller Verlässlichkeit},
	url = {https://www.jstor.org/stable/j.ctvnp0hrq.4},
	series = {Linguistische, sprach- und mediendidaktische Perspektiven},
	shorttitle = {Web und Wahrheit},
	abstract = {Nicht mehr die unproblematisierte Vermittlung von  \textit{Information und Wissen}  ist primär Aufgabe einer Schule der Zukunft, sondern die begründete Vermittlung von  \textit{Kriterien und Praktiken zur Bestimmung und didaktisch angemessenen Vermittlung der Verlässlichkeit von Informationen und Wissen!}  Dazu nötig ist eine nicht zuletzt von {SchülerInnen} akzeptierte Informationsdidaktik, die imstande ist, die Glaubwürdigkeit von Medienangeboten aller Art auf einen für alle transparenten Prüfstand zu heben. Damit würden die schon engen Verbindungen zwischen Wissenschaft und Schule noch weiter gestärkt. Warum dies nötig erscheint, soll der folgende Artikel begründen, ohne dass dabei die fachdidaktischen Spezifika der Schule in den Hintergrund treten sollen. Es geht},
	pages = {23--58},
	booktitle = {Soziale Medien in Schule und Hochschule},
	publisher = {Peter Lang {AG}},
	author = {Antos, Gerd and Ballod, Matthias},
	editor = {Beißwenger, Michael and Knopp, Matthias},
	urldate = {2024-09-25},
	date = {2019},
	file = {Antos and Ballod - 2019 - Web und Wahrheit Vorbemerkungen zu einer Didaktik.pdf:/Users/Yannick/Zotero/storage/MVDTMIF9/Antos and Ballod - 2019 - Web und Wahrheit Vorbemerkungen zu einer Didaktik.pdf:application/pdf},
}

@article{behnke_manipulation_2018,
	title = {Manipulation in sozialen Netzwerken},
	volume = {64},
	issn = {2941-8879},
	url = {https://www.nomos-elibrary.de/index.php?doi=10.5771/9783845286556-357},
	doi = {10.5771/0044-3360-2017-4-493},
	pages = {357--378},
	number = {4},
	journaltitle = {{ZfP} Zeitschrift für Politik},
	author = {Hegelich, Simon and Thieltges, Andree},
	editor = {Behnke, Joachim and Blätte, Andreas and Schnapp, Kai-Uwe and Wagemann, Claudius},
	urldate = {2024-09-25},
	date = {2018},
	langid = {german},
	doi = {10.5771/9783845286556-357},
	file = {Hegelich and Thieltges - 2018 - 15 Falschinformationen und Manipulation durch soci.pdf:/Users/Yannick/Zotero/storage/A8TQFPXP/Hegelich and Thieltges - 2018 - 15 Falschinformationen und Manipulation durch soci.pdf:application/pdf},
}

@thesis{sammer_fake_2021,
	location = {Graz},
	title = {Fake News : eine Gefahr für die Demokratie? : Wie wir Fake News erkennen, vermeiden und gut mit ihnen umgehen können},
	url = {https://unipub.uni-graz.at//obvugrhs/7901964},
	abstract = {In der Masterarbeit wird zu Beginn eine angemessene Definition für Fake News gesucht, indem die Falschnachrichten zu anderen Äußerungsakten wie zum Beispiel Bullshit, Satire, Verschwörungstheorien und weiteren Phänomenen abgegrenzt werden. Es stellt sich heraus, dass Fake News eine Form von Nachrichten sind, die als solche erscheinen und so konzipiert sind, um Menschen gezielt in die Irre zu führen oder sie zu täuschen. Dabei wird die Meinung zu aktuellen Geschehnissen beeinflusst. Ich komme zum Schluss, dass Fake News kein neues Phänomen sind, sondern sich ihre Dimension geändert hat. Die Auswirkungen auf die Politik, unser Zusammenleben in einer Demokratie und auf die Individuen werden diskutiert. Dabei wird auf die freie Meinungsäußerung eingegangen und argumentiert, dass diese eingeschränkt werden sollte, wenn dadurch ein größerer Schaden vermieden werden kann. Es zeigt sich, dass Fake News zu einer Gefahr für eine Demokratie werden kann. Probleme wie Wahlmanipulation und Polarisierung werden diskutiert. Im letzten Teil der Arbeit werden bereits getroffene Maßnahmen und Lösungswege, um Fake News einzudämmen, vorgestellt. Zum Schluss plädiere ich für mehr Aufklärungsarbeit und Schlage eine „Internetpolizei“ vor. Eine wichtige Erkenntnis in der Arbeit ist, dass die Philosophie uns beim Erkennen von Fake News unterstützen kann, da sie das kritische Denken und die Reflexionsfähigkeit fördert. Als positiven Ausblick wird zum Schluss erläutert, dass die digitalen Medien noch viel Gestaltungsraum bieten, denn wir in Zukunft weiter ausgestalten können.},
	pagetotal = {91},
	institution = {Karl-Franzens-Universität Graz},
	type = {Master's Thesis},
	author = {Sammer, Theresa},
	urldate = {2024-09-25},
	date = {2021},
	langid = {german},
	note = {urn:nbn:at:at-ubg:1-179076},
	file = {Fake News \: eine Gefahr für die Demokratie? \: Wie wir Fake News erkennen, vermeiden und gut mit ihnen umgehen können.pdf:/Users/Yannick/Zotero/storage/PQZSLSGT/Fake News  eine Gefahr für die Demokratie  Wie wir Fake News erkennen, vermeiden und gut mit ihnen umgehen können.pdf:application/pdf},
}

@collection{lange_postfaktische_2019,
	location = {Wiesbaden},
	title = {Postfaktische Sicherheitspolitik: Gewährleistung von Sicherheit in unübersichtlichen Zeiten},
	rights = {http://www.springer.com/tdm},
	isbn = {978-3-658-27280-7 978-3-658-27281-4},
	url = {http://link.springer.com/10.1007/978-3-658-27281-4},
	shorttitle = {Postfaktische Sicherheitspolitik},
	publisher = {Springer Fachmedien Wiesbaden},
	editor = {Lange, Hans-Jürgen and Wendekamm, Michaela},
	urldate = {2024-09-25},
	date = {2019},
	langid = {german},
	doi = {10.1007/978-3-658-27281-4},
	file = {Lange and Wendekamm - 2019 - Postfaktische Sicherheitspolitik Gewährleistung v.pdf:/Users/Yannick/Zotero/storage/CR9K4MD2/Lange and Wendekamm - 2019 - Postfaktische Sicherheitspolitik Gewährleistung v.pdf:application/pdf},
}

@article{fernandes_post-factual_2022,
	title = {A post-factual society},
	volume = {8},
	rights = {https://creativecommons.org/licenses/by-nc/4.0},
	issn = {2183-3435},
	url = {https://revistas.uminho.pt/index.php/unio/article/view/4524},
	doi = {10.21814/unio.8.1.4524},
	abstract = {In 2016 Oxford Dictionaries declared “post-truth” as its international word of the year, and in the last years our vocabulary has enlarged with words and expressions such as alternative facts, disinformation, misinformation, fake news, etc.. Media and social media have undertaken factcheck mechanisms, and several academics have engaged in research on conspiracy theories. One seems to live in a post-factual society, with crucial implications concerning our democratic regimes. This paper aims to address this problem, adopting a philosophic-political approach. Firstly, I consider the emergence of Modernity and its relation to scientific revolutions and the inception of science as a vital arrangement of this historical period. For two centuries we had a strong consensus on the value of science as a tool to describe, understand and control nature and reality – and the notion of fact was central to that consensus. Furthermore, liberal democracy was developed from the conviction that, albeit our different opinions concerning political values, one’s discussion would be confined by facts that were not disputable. That old world seems to have disappeared as a new period has emerged since the 1960s, usually designated as postmodernity. Therefore, secondly, I address the rise of the postmodern period. Obsessed with language and identity, postmodernity has gradually made the ideas of truth and fact vulnerable – even obsolescent. Which consequences result in Western societies and liberal democracies? May democracies survive the assault on truth, science, and the very idea of fact? Or are we condemned to the next stage of government, according to Plato: authoritarianism?},
	pages = {4--13},
	number = {1},
	journaltitle = {{UNIO} – {EU} Law Journal},
	shortjournal = {unio},
	author = {Fernandes, Patrícia},
	urldate = {2024-09-25},
	date = {2022-12-31},
	langid = {english},
	file = {Fernandes - 2022 - A post-factual society.pdf:/Users/Yannick/Zotero/storage/PYUYQG77/Fernandes - 2022 - A post-factual society.pdf:application/pdf},
}

@book{zoglauer_konstruierte_2021,
	location = {Wiesbaden},
	title = {Konstruierte Wahrheiten: Wahrheit und Wissen im postfaktischen Zeitalter},
	rights = {https://www.springer.com/tdm},
	isbn = {978-3-658-34596-9 978-3-658-34597-6},
	url = {https://link.springer.com/10.1007/978-3-658-34597-6},
	series = {ars digitalis},
	shorttitle = {Konstruierte Wahrheiten},
	publisher = {Springer Fachmedien Wiesbaden},
	author = {Zoglauer, Thomas},
	urldate = {2024-09-25},
	date = {2021},
	langid = {german},
	doi = {10.1007/978-3-658-34597-6},
	file = {Zoglauer - 2021 - Konstruierte Wahrheiten Wahrheit und Wissen im po.pdf:/Users/Yannick/Zotero/storage/TRYN34K5/Zoglauer - 2021 - Konstruierte Wahrheiten Wahrheit und Wissen im po.pdf:application/pdf},
}

@incollection{wahl_fake_2021,
	location = {Weinheim Basel},
	edition = {1. Auflage},
	title = {Fake News als Herausforderung für die politische Bildung},
	isbn = {978-3-7799-5765-2 978-3-7799-6450-6},
	url = {https://library.oapen.org/bitstream/handle/20.500.12657/87235/1/9783779957652.pdf#page=165},
	abstract = {Der Beitrag thematisiert mit den Fake News ein Phänomen des Digitalen, das
nicht nur (erziehungs-)wissenschaftlich, sondern auch für Politik und Öffentlich-
keit von Interesse ist. Dabei wird der Fokus auf die Herausforderungen gelegt, die
sich mit der Radikalisierung der aufmerksamkeitsökonomischen Logiken durch
Soziale Medien insbesondere für die politische Bildung stellen. Hier erscheint
ein Subjektbegriff als Desiderat, der vor allem die Dimensionen einer affektiven,
technosozial formierten Subjektivität stärker berücksichtigt.},
	pages = {164--178},
	booktitle = {Pädagogik, Soziale Arbeit und Digitalität: = Education, social work and digitality},
	publisher = {Beltz Juventa},
	author = {Schenk, Sabrina},
	editor = {Wahl, Johannes and Schell-Kiehl, Ines and Damberger, Thomas},
	urldate = {2024-10-08},
	date = {2021},
	file = {Fake News als Herausforderung der politischen Bild.pdf:/Users/Yannick/Zotero/storage/KNHHV2A5/Fake News als Herausforderung der politischen Bild.pdf:application/pdf;Table of Contents PDF:/Users/Yannick/Zotero/storage/Z9UUUXBT/Wahl et al. - 2021 - Pädagogik, Soziale Arbeit und Digitalität = Educa.pdf:application/pdf},
}

@incollection{reuter_fake_2019,
	location = {Darmstadt},
	title = {Fake News und manipulierte Meinungsbildung},
	volume = {5},
	rights = {Creative Commons Attribution 4.0 International},
	url = {https://tuprints.ulb.tu-darmstadt.de/id/eprint/20852},
	series = {Science Policy Papers},
	abstract = {Konsequentes Vorgehen von Behörden gegen gezielte Falschnachrichten – das wünscht sich laut einer repräsentativen Studie eine große Mehrheit der Bevölkerung in Deutschland. Das Fachgebiet Wissenschaft und Technik für Frieden und Sicherheit ({PEASEC}) der Technischen Universität Darmstadt fragte unter anderem danach, wie Bürgerinnen und Bürger Fake News wahrnehmen und auf sie reagieren und welche Gegenmaßnahmen als sinnvoll erachtet werden.},
	booktitle = {Die Digitalisierung der Kommunikation: Gesellschaftliche Trends und der Wandel von Organisationen},
	publisher = {Mercator Science-Policy Fellowship-Programm},
	author = {Reuter, Christian},
	urldate = {2024-10-08},
	date = {2019},
	doi = {10.26083/TUPRINTS-00020852},
	file = {Reuter - 2022 - Fake News und manipulierte Meinungsbildung.pdf:/Users/Yannick/Zotero/storage/IZP4GIXZ/Reuter - 2022 - Fake News und manipulierte Meinungsbildung.pdf:application/pdf},
}

@incollection{dander_fake_2020,
	title = {Fake News als Herausforderung für ein politisches Verständnis von Medienbildung},
	isbn = {978-3-8474-2350-8},
	url = {https://library.oapen.org/bitstream/handle/20.500.12657/46161/9783847415480.pdf?sequence=1&isAllowe#page=98},
	pages = {97--117},
	booktitle = {Digitalisierung – Subjekt – Bildung},
	publisher = {Verlag Barbara Budrich},
	author = {Waldmann, Maximilian},
	editor = {Dander, Valentin and Bettinger, Patrick and Ferraro, Estella and Leineweber, Christian and Rummler, Klaus},
	urldate = {2024-10-08},
	date = {2020-01-13},
	langid = {german},
	doi = {10.3224/84742350},
	file = {Rummler - 2020 - Digitalisierung – Subjekt – Bildung.pdf:/Users/Yannick/Zotero/storage/MEFNSK3L/Rummler - 2020 - Digitalisierung – Subjekt – Bildung.pdf:application/pdf},
}

@book{brill_death_2024,
	location = {New York},
	edition = {5},
	title = {The death of truth},
	isbn = {978-0-525-65831-3},
	series = {Borzoi books},
	shorttitle = {The death of truth},
	abstract = {"A best-selling author documents how facts-shared truths-have lost their power to hold us together as a community, as a country, globally, and how belief in "alternative facts" and conspiracy theories have destroyed trust in institutions, leaders, and legitimate experts"--},
	pagetotal = {180},
	publisher = {Alfred A. Knopf},
	author = {Brill, Steven},
	date = {2024},
	langid = {english},
	file = {Brill - 2024 - The death of truth how social media and the inter.pdf:/Users/Yannick/Zotero/storage/357UB2ZU/Brill - 2024 - The death of truth how social media and the inter.pdf:application/pdf},
}

@collection{schmidt_handbuch_2022,
	location = {Wiesbaden},
	title = {Handbuch Soziale Medien},
	rights = {https://www.springernature.com/gp/researchers/text-and-data-mining},
	isbn = {978-3-658-25994-5 978-3-658-25995-2},
	url = {https://link.springer.com/10.1007/978-3-658-25995-2},
	publisher = {Springer Fachmedien Wiesbaden},
	editor = {Schmidt, Jan-Hinrik and Taddicken, Monika},
	urldate = {2024-11-04},
	date = {2022},
	langid = {german},
	doi = {10.1007/978-3-658-25995-2},
	file = {Schmidt and Taddicken - 2022 - Handbuch Soziale Medien.pdf:/Users/Yannick/Zotero/storage/A84ZD6HA/Schmidt and Taddicken - 2022 - Handbuch Soziale Medien.pdf:application/pdf},
}

@incollection{hohlfeld_schlechte_2020,
	location = {Baden-Baden},
	title = {Schlechte Nachrichten: "Fake News" in Politik und Öffentlichkeit},
	isbn = {978-3-7489-0133-4},
	url = {https://www.nomos-elibrary.de/index.php?doi=10.5771/9783748901334-245},
	shorttitle = {Schlechte Nachrichten},
	abstract = {Das Funktionieren moderner Demokratien hängt von der Informiertheit der Öffentlichkeit ab. Durch den Erfolg von »Fake News« und postfaktischer Politik ist diese jedoch in Gefahr, zumal parallele Öffentlichkeiten zunehmend sogenannte alternative analoge und digitale Medienangebote nutzen. In diesem Beitrag untersuchen wir, wie sich »Fake News« verbreiten und Einfluss auf Öffentlichkeit und Politik gewinnen. Dazu analysieren wir das Zusammenspiel einer Reihe kognitiver Verzerrungen mit der Funktionsweise sozialer Medien sowie die strukturellen Anreize, die der digitalisierte Medienkapitalismus setzt. Beides spielt der Verbreitung von »Fake News« in die Hände, was einige politische Akteure auszunutzen wissen. »Fake News« werden in diesem Fall als Propaganda eingesetzt. Wir unterscheiden vier Funktionen von »Fake News«-Propaganda: (1) die Täuschung der Öffentlichkeit, (2) die Stärkung von Gruppenidentitäten, (3) die Demonstration von Macht und (4) die Destabilisierung der politischen oder öffentlichen Ordnung.},
	volumes = {1},
	pages = {245--268},
	booktitle = {Fake News und Desinformation},
	publisher = {Nomos Verlagsgesellschaft {mbH} \& Co. {KG}},
	author = {Jaster, Romy and Lanius, David},
	editor = {Hohlfeld, Ralf and Harnischmacher, Michael and Heinke, Elfi and Lehner, Lea and Sengl, Michael},
	urldate = {2024-11-04},
	date = {2020},
	langid = {german},
	doi = {10.5771/9783748901334-245},
	file = {Jaster and Lanius - 2020 - Schlechte Nachrichten Fake News in Politik und .pdf:/Users/Yannick/Zotero/storage/9RRAL2U7/Jaster and Lanius - 2020 - Schlechte Nachrichten Fake News in Politik und .pdf:application/pdf},
}

@incollection{marx_fake_2020,
	location = {Berlin, Boston},
	title = {„Fake News“: Aktuelle Desinformation: Eine Begriffsexplikation},
	isbn = {978-3-11-067988-5},
	url = {https://www.degruyter.com/document/doi/10.1515/9783110679885-008/html},
	shorttitle = {„Fake News“},
	abstract = {Seit dem Präsidentschaftswahlkampf in den {USA} sorgen „Fake News“ für eine lebhafte wissenschaftliche Debatte. Bisherige Definitionen sind allerdings weder einheitlich noch widerspruchsfrei und werden zudem nicht nachvollziehbar entwickelt, sondern meist einfach gesetzt. Unser Beitrag will dieses Theoriedefizit mittels einer Begriffsexplikation unter Rückgriff auf Literatur zu Desinformation, Lüge und (öffentliche) Kommunikation abstellen. Dabei ersetzen wir den Begriff „Fake News“ durch „aktuelle Desinformation“ und erörtern systematisch, welche Bedingungen notwendig sind, um von diesem Phänomen sprechen zu können. Wir definieren aktuelle Desinformation als Kommunikation wissentlich und empirisch falscher Informationen zu neuen und relevanten Sachverhalten mit dem Anspruch auf Wahrheit.},
	pages = {147--162},
	booktitle = {Deutsch in Sozialen Medien: Interaktiv – multimodal – vielfältig},
	publisher = {De Gruyter},
	author = {Kohring, Matthias and Zimmermann, Fabian},
	editor = {Marx, Konstanze and Lobin, Henning and Schmidt, Axel},
	urldate = {2024-11-05},
	date = {2020-02-24},
	langid = {german},
	doi = {10.1515/9783110679885-008},
	file = {Marx et al. - 2020 - „Fake News“ Aktuelle Desinformation Eine Begriff.pdf:/Users/Yannick/Zotero/storage/Y889ARZV/Marx et al. - 2020 - „Fake News“ Aktuelle Desinformation Eine Begriff.pdf:application/pdf},
}

@article{teetz_social-media-post_2023,
	title = {„Ein Social-Media-Post ist kein Projektil“ – Konzeptionelle Herausforderungen durch Desinformation},
	volume = {16},
	issn = {1866-2188, 1866-2196},
	url = {https://link.springer.com/10.1007/s12399-023-00937-9},
	doi = {10.1007/s12399-023-00937-9},
	abstract = {The security policy paradigm of “hybrid threats” counts disinformation activities towards the different weapons of international “grey zone conﬂicts”, positioning them below the threshold of armed attacks. Democratic states are thus caught in the paradox of defending the public sphere – the ground upon which will and opinion form and develop – against hostile interventions without interfering in constitutive freedoms. This poses new conceptual challenges for state security.},
	pages = {13--29},
	number = {1},
	journaltitle = {Zeitschrift für Außen- und Sicherheitspolitik},
	shortjournal = {Z Außen Sicherheitspolit},
	author = {Teetz, Adrian},
	urldate = {2024-11-14},
	date = {2023-03},
	langid = {german},
	file = {Teetz - 2023 - „Ein Social-Media-Post ist kein Projektil“ – Konze.pdf:/Users/Yannick/Zotero/storage/LZLRBN9Z/Teetz - 2023 - „Ein Social-Media-Post ist kein Projektil“ – Konze.pdf:application/pdf},
}

@article{allcott_social_2017,
	title = {Social Media and Fake News in the 2016 Election},
	volume = {31},
	issn = {0895-3309},
	url = {https://pubs.aeaweb.org/doi/10.1257/jep.31.2.211},
	doi = {10.1257/jep.31.2.211},
	abstract = {Following the 2016 {US} presidential election, many have expressed concern about the effects of false stories (“fake news”), circulated largely through social media. We discuss the economics of fake news and present new data on its consumption prior to the election. Drawing on web browsing data, archives of fact-checking websites, and results from a new online survey, we find: 1) social media was an important but not dominant source of election news, with 14 percent of Americans calling social media their “most important” source; 2) of the known false news stories that appeared in the three months before the election, those favoring Trump were shared a total of 30 million times on Facebook, while those favoring Clinton were shared 8 million times; 3) the average American adult saw on the order of one or perhaps several fake news stories in the months around the election, with just over half of those who recalled seeing them believing them; and 4) people are much more likely to believe stories that favor their preferred candidate, especially if they have ideologically segregated social media networks.},
	pages = {211--236},
	number = {2},
	journaltitle = {Journal of Economic Perspectives},
	shortjournal = {Journal of Economic Perspectives},
	author = {Allcott, Hunt and Gentzkow, Matthew},
	urldate = {2024-11-17},
	date = {2017-05-01},
	langid = {english},
	file = {Allcott und Gentzkow - 2017 - Social Media and Fake News in the 2016 Election.pdf:/Users/Yannick/Zotero/storage/2AQHYUGE/Allcott und Gentzkow - 2017 - Social Media and Fake News in the 2016 Election.pdf:application/pdf},
}

@online{we_are_social_anteil_2024,
	title = {Anteil der aktiven Social-Media-Nutzer an der Bevölkerung in ausgewählten Ländern in Europa im Januar 2024 [Graph]},
	url = {https://de.statista.com/statistik/daten/studie/209186/umfrage/zugriff-auf-social-media-via-mobiler-endgeraete-in-ausgewaehlten-laendern/},
	abstract = {Im Januar 2024 lag der Anteil der aktiven Social-Media-Nutzer an der Bevölkerung in Deutschland bei rund 81,4 Prozent. Damit liegt die Bundesrepublik noch hinter europäischen Ländern wie Spanien (83,6 Prozent) oder Norwegen (81,7 Prozent). In Polen ist der Anteil der aktiven Social-Media-Nutzer an der Bevölkerung mit rund 68,8 Prozent vergleichsweise gering.},
	titleaddon = {Statista},
	author = {{We Are Social} and {DataReportal} and {Meltwater}},
	urldate = {2024-12-04},
	date = {2024-01-31},
	langid = {german},
	file = {Snapshot:/Users/Yannick/Zotero/storage/GCCHZQDF/zugriff-auf-social-media-via-mobiler-endgeraete-in-ausgewaehlten-laendern.html:text/html;study_id24564_mediennutzung-in-europa-statista-dossier.pdf:/Users/Yannick/Zotero/storage/N283ZZXA/study_id24564_mediennutzung-in-europa-statista-dossier.pdf:application/pdf},
}

@thesis{grujic_warnhinweise_2024,
	location = {Merseburg},
	title = {Warnhinweise bei „Fake-News” als Strategie gegen Online- Desinformation? Mögliche Konsequenzen bezogen auf Meinungsbildungsprozesse und demokratische Wahlen},
	url = {https://opendata.uni-halle.de/bitstream/1981185920/117489/1/GrujicNando_Warnhinweise%20bei%20Fake-News%20als%20Strategie%20gegen%20Online-Desinformation.pdf},
	abstract = {Spätestens seit der {US}-Wahl 2016 ist Online-Desinformation zu einem immer größeren
Problem geworden. Der Einfluss von Desinformation auf das wahrgenommene Meinungs-
klima und die öffentliche Meinung hat Verzerrungen zufolge, die sich bis in die Wahlkabine
auswirken können. Gesetzgebung und Journalismus sind in der demokratischen Verantwor-
tung für Rahmenbedingungen zu sorgen, die einen gerechten Meinungsbildungsprozess und
faire demokratische Wahlen gewährleisten. Doch auch die großen Internetkonzerne müssen
ihrer Verantwortung gerecht werden und Online-Desinformation auf ihren Plattformen ein-
dämmen. Desinformative Inhalte von Fact-Check Unternehmen mit Warnhinweisen verse-
hen zu lassen, ist eine ihrer Strategien, um dieser Problematik Einhalt zu gebieten. Ob diese
Strategie wirkungsvoll ist und was weiterführend getan werden kann, ist die Fragestellung
dieser Arbeit. Die Literaturanalyse zeigt, dass die proaktive Aufklärung von Desinformation
bei weitem nicht ausreicht. Vielmehr braucht es eine wachsende kritische Medienkompetenz
in der Gesellschaft, genauso wie gesteigertes Vertrauen in die politischen Institutionen und
in seriösen Journalismus. Diese werden als Schlüsselfaktoren demokratischer Resilienz her-
ausgearbeitet, um eine informierte Gesellschaft zu gewährleisten.},
	pagetotal = {44},
	institution = {Hochschule Merseburg},
	type = {Bachelorarbeit},
	author = {Grujic, Nando},
	urldate = {2024-04-12},
	date = {2024-02-13},
	langid = {german},
	file = {Grujic - 2024 - Warnhinweise bei „Fake-News” als Strategie gegen O.pdf:/Users/Yannick/Zotero/storage/ZQJ48AYL/Grujic - 2024 - Warnhinweise bei „Fake-News” als Strategie gegen O.pdf:application/pdf},
}

@online{bundesministerium_des_innern_und_fur_heimat_desinformation_2022,
	title = {Desinformation als hybride Bedrohung},
	url = {https://www.bmi.bund.de/SharedDocs/schwerpunkte/DE/desinformation/artikel-desinformation-hybride-bedrohung.html?nn=9391316},
	abstract = {Desinformation ist hybriden Bedrohungen zuzuordnen, wenn sie durch fremde Staaten gesteuert wird.},
	titleaddon = {Bundesministerium des Innern und für Heimat},
	author = {{Bundesministerium des Innern und für Heimat}},
	urldate = {2024-12-04},
	date = {2022},
	langid = {german},
	file = {Snapshot:/Users/Yannick/Zotero/storage/L98KDEUI/artikel-desinformation-hybride-bedrohung.html:text/html},
}
