
@artwork{howard_trees_2017,
  title    = {trees on fire},
  rights   = {Free to use under the Unsplash License},
  url      = {https://unsplash.com/photos/trees-on-fire-eAKDzK4lo4o},
  author   = {Howard, Matt},
  urldate  = {2025-01-30},
  date     = {2017-11-18},
  file     = {matt-howard-eAKDzK4lo4o-unsplash.jpg:/Users/Yannick/Zotero/storage/V9FDJKUQ/matt-howard-eAKDzK4lo4o-unsplash.jpg:image/jpeg},
  note     = {Titelbild},
  keywords = {image}
}
