
@article{allcott_social_2017,
  title        = {Social Media and Fake News in the 2016 Election},
  volume       = {31},
  issn         = {0895-3309},
  url          = {https://pubs.aeaweb.org/doi/10.1257/jep.31.2.211},
  doi          = {10.1257/jep.31.2.211},
  abstract     = {Following the 2016 {US} presidential election, many have expressed concern about the effects of false stories (“fake news”), circulated largely through social media. We discuss the economics of fake news and present new data on its consumption prior to the election. Drawing on web browsing data, archives of fact-checking websites, and results from a new online survey, we find: 1) social media was an important but not dominant source of election news, with 14 percent of Americans calling social media their “most important” source; 2) of the known false news stories that appeared in the three months before the election, those favoring Trump were shared a total of 30 million times on Facebook, while those favoring Clinton were shared 8 million times; 3) the average American adult saw on the order of one or perhaps several fake news stories in the months around the election, with just over half of those who recalled seeing them believing them; and 4) people are much more likely to believe stories that favor their preferred candidate, especially if they have ideologically segregated social media networks.},
  pages        = {211--236},
  number       = {2},
  journaltitle = {Journal of Economic Perspectives},
  shortjournal = {Journal of Economic Perspectives},
  author       = {Allcott, Hunt and Gentzkow, Matthew},
  urldate      = {2024-11-17},
  date         = {2017-05-01},
  langid       = {english},
  keywords     = {Social network, Relevance, Definition, Platform Algorithms, Theory},
  file         = {Allcott und Gentzkow - 2017 - Social Media and Fake News in the 2016 Election.pdf:/Users/Yannick/Zotero/storage/2AQHYUGE/Allcott und Gentzkow - 2017 - Social Media and Fake News in the 2016 Election.pdf:application/pdf}
}

@article{andreotta_analyzing_2019,
  title        = {Analyzing social media data: A mixed-methods framework combining computational and qualitative text analysis},
  volume       = {51},
  issn         = {1554-3528},
  url          = {http://link.springer.com/10.3758/s13428-019-01202-8},
  doi          = {10.3758/s13428-019-01202-8},
  shorttitle   = {Analyzing social media data},
  abstract     = {To qualitative researchers, social media offers a novel opportunity to harvest a massive and diverse range of content without the need for intrusive or intensive data collection procedures. However, performing a qualitative analysis across a massive social media data set is cumbersome and impractical. Instead, researchers often extract a subset of content to analyze, but a framework to facilitate this process is currently lacking. We present a four-phased framework for improving this extraction process, which blends the capacities of data science techniques to compress large data sets into smaller spaces, with the capabilities of qualitative analysis to address research questions. We demonstrate this framework by investigating the topics of Australian Twitter commentary on climate change, using quantitative (non-negative matrix inter-joint factorization; topic alignment) and qualitative (thematic analysis) techniques. Our approach is useful for researchers seeking to perform qualitative analyses of social media, or researchers wanting to supplement their quantitative work with a qualitative analysis of broader social context and meaning.},
  pages        = {1766--1781},
  number       = {4},
  journaltitle = {Behavior Research Methods},
  shortjournal = {Behav Res},
  author       = {Andreotta, Matthew and Nugroho, Robertus and Hurlstone, Mark J. and Boschetti, Fabio and Farrell, Simon and Walker, Iain and Paris, Cecile},
  urldate      = {2025-02-26},
  date         = {2019-08},
  langid       = {english},
  keywords     = {Content Analysis, Method},
  file         = {Andreotta et al. - 2019 - Analyzing social media data A mixed-methods frame.pdf:/Users/Yannick/Zotero/storage/H6TUY2QQ/Andreotta et al. - 2019 - Analyzing social media data A mixed-methods frame.pdf:application/pdf}
}

@incollection{antos_web_2019,
  title      = {Web und Wahrheit: Vorbemerkungen zu einer Didaktik informationeller Verlässlichkeit},
  url        = {https://www.jstor.org/stable/j.ctvnp0hrq.4},
  series     = {Linguistische, sprach- und mediendidaktische Perspektiven},
  shorttitle = {Web und Wahrheit},
  abstract   = {Nicht mehr die unproblematisierte Vermittlung von  \textit{Information und Wissen}  ist primär Aufgabe einer Schule der Zukunft, sondern die begründete Vermittlung von  \textit{Kriterien und Praktiken zur Bestimmung und didaktisch angemessenen Vermittlung der Verlässlichkeit von Informationen und Wissen!}  Dazu nötig ist eine nicht zuletzt von {SchülerInnen} akzeptierte Informationsdidaktik, die imstande ist, die Glaubwürdigkeit von Medienangeboten aller Art auf einen für alle transparenten Prüfstand zu heben. Damit würden die schon engen Verbindungen zwischen Wissenschaft und Schule noch weiter gestärkt. Warum dies nötig erscheint, soll der folgende Artikel begründen, ohne dass dabei die fachdidaktischen Spezifika der Schule in den Hintergrund treten sollen. Es geht},
  pages      = {23--58},
  booktitle  = {Soziale Medien in Schule und Hochschule},
  publisher  = {Peter Lang {AG}},
  author     = {Antos, Gerd and Ballod, Matthias},
  editor     = {Beißwenger, Michael and Knopp, Matthias},
  urldate    = {2024-09-25},
  date       = {2019},
  keywords   = {Media Literacy},
  file       = {Antos and Ballod - 2019 - Web und Wahrheit Vorbemerkungen zu einer Didaktik.pdf:/Users/Yannick/Zotero/storage/MVDTMIF9/Antos and Ballod - 2019 - Web und Wahrheit Vorbemerkungen zu einer Didaktik.pdf:application/pdf}
}

@article{behnke_manipulation_2018,
  title        = {Manipulation in sozialen Netzwerken},
  volume       = {64},
  issn         = {2941-8879},
  url          = {https://www.nomos-elibrary.de/index.php?doi=10.5771/9783845286556-357},
  doi          = {10.5771/0044-3360-2017-4-493},
  pages        = {357--378},
  number       = {4},
  journaltitle = {{ZfP} Zeitschrift für Politik},
  author       = {Hegelich, Simon and Thieltges, Andree},
  editor       = {Behnke, Joachim and Blätte, Andreas and Schnapp, Kai-Uwe and Wagemann, Claudius},
  urldate      = {2024-09-25},
  date         = {2018},
  langid       = {german},
  doi          = {10.5771/9783845286556-357},
  keywords     = {{AI}, Bots, Machine learning, Platform Algorithms, Political Decision Making, Social network, Theory},
  file         = {Hegelich and Thieltges - 2018 - 15 Falschinformationen und Manipulation durch soci.pdf:/Users/Yannick/Zotero/storage/A8TQFPXP/Hegelich and Thieltges - 2018 - 15 Falschinformationen und Manipulation durch soci.pdf:application/pdf}
}

@incollection{blobaum_experteninterview_2016,
  location  = {Wiesbaden},
  title     = {Das Experteninterview in der Kommunikationswissenschaft},
  isbn      = {978-3-658-01656-2},
  url       = {https://doi.org/10.1007/978-3-658-01656-2_11},
  abstract  = {Das Experteninterview wird in Methodenliteratur und Forschungspraxis uneinheitlich verstanden und eingesetzt. In einem ersten Schritt systematisiert der Beitrag diese unterschiedlichen Perspektiven und schlägt darauf aufbauend vor, Experteninterviews als leitfadengestützte Gespräche mit Leistungsrollenträgern in gesellschaftlichen Teilbereichen zu verstehen. Experteninterviews sind eine geeignete Methode zur Analyse von Phänomenen und Prozessen auf Meso- und Makroebene. Als Experten gelten Rollenträger in gesellschaftlichen Teilbereichen, die insbesondere zu ihren Erfahrungen im entsprechenden Handlungskontext befragt werden.},
  pages     = {175--190},
  booktitle = {Handbuch nicht standardisierte Methoden in der Kommunikationswissenschaft},
  publisher = {Springer Fachmedien},
  author    = {Blöbaum, Bernd and Nölleke, Daniel and Scheu, Andreas M.},
  editor    = {Averbeck-Lietz, Stefanie and Meyen, Michael},
  urldate   = {2025-03-25},
  date      = {2016},
  langid    = {german},
  doi       = {10.1007/978-3-658-01656-2_11},
  keywords  = {Datenerhebung, Interview, Leitfaden, Method, Project, Rollenträger, Wissen},
  file      = {Full Text PDF:/Users/Yannick/Zotero/storage/G8FDYFIV/Blöbaum et al. - 2016 - Das Experteninterview in der Kommunikationswissenschaft.pdf:application/pdf}
}

@article{bontridder_role_2021,
  title        = {The role of artificial intelligence in disinformation},
  volume       = {3},
  issn         = {2632-3249},
  url          = {https://www.cambridge.org/core/product/identifier/S2632324921000201/type/journal_article},
  doi          = {10.1017/dap.2021.20},
  abstract     = {Artificial intelligence ({AI}) systems are playing an overarching role in the disinformation phenomenon our world is currently facing. Such systems boost the problem not only by increasing opportunities to create realistic {AI}-generated fake content, but also, and essentially, by facilitating the dissemination of disinformation to a targeted audience and at scale by malicious stakeholders. This situation entails multiple ethical and human rights concerns, in particular regarding human dignity, autonomy, democracy, and peace. In reaction, other {AI} systems are developed to detect and moderate disinformation online. Such systems do not escape from ethical and human rights concerns either, especially regarding freedom of expression and information. Having originally started with ascending co-regulation, the European Union ({EU}) is now heading toward descending co-regulation of the phenomenon. In particular, the Digital Services Act proposal provides for transparency obligations and external audit for very large online platforms’ recommender systems and content moderation. While with this proposal, the Commission focusses on the regulation of content considered as problematic, the {EU} Parliament and the {EU} Council call for enhancing access to trustworthy content. In light of our study, we stress that the disinformation problem is mainly caused by the business model of the web that is based on advertising revenues, and that adapting this model would reduce the problem considerably. We also observe that while {AI} systems are inappropriate to moderate disinformation content online, and even to detect such content, they may be more appropriate to counter the manipulation of the digital ecosystem.},
  issue        = {e32},
  journaltitle = {Data \& Policy},
  shortjournal = {Data \& Policy},
  author       = {Bontridder, Noémi and Poullet, Yves},
  urldate      = {2025-01-18},
  date         = {2021},
  langid       = {english},
  keywords     = {{AI}, Definition, Theory},
  file         = {Bontridder and Poullet - 2021 - The role of artificial intelligence in disinformat.pdf:/Users/Yannick/Zotero/storage/R4MITRKK/Bontridder and Poullet - 2021 - The role of artificial intelligence in disinformat.pdf:application/pdf}
}

@book{brill_death_2024,
  location   = {New York},
  edition    = {5},
  title      = {The death of truth},
  isbn       = {978-0-525-65831-3},
  series     = {Borzoi books},
  shorttitle = {The death of truth},
  abstract   = {"A best-selling author documents how facts-shared truths-have lost their power to hold us together as a community, as a country, globally, and how belief in "alternative facts" and conspiracy theories have destroyed trust in institutions, leaders, and legitimate experts"--},
  pagetotal  = {180},
  publisher  = {Alfred A. Knopf},
  author     = {Brill, Steven},
  date       = {2024},
  langid     = {english},
  file       = {Brill - 2024 - The death of truth how social media and the inter.pdf:/Users/Yannick/Zotero/storage/357UB2ZU/Brill - 2024 - The death of truth how social media and the inter.pdf:application/pdf}
}

@online{bundesministerium_des_innern_und_fur_heimat_desinformation_2022,
  title      = {Desinformation als hybride Bedrohung},
  url        = {https://www.bmi.bund.de/SharedDocs/schwerpunkte/DE/desinformation/artikel-desinformation-hybride-bedrohung.html?nn=9391316},
  abstract   = {Desinformation ist hybriden Bedrohungen zuzuordnen, wenn sie durch fremde Staaten gesteuert wird.},
  titleaddon = {Bundesministerium des Innern und für Heimat},
  author     = {{Bundesministerium des Innern und für Heimat}},
  urldate    = {2024-12-04},
  date       = {2022},
  langid     = {german},
  file       = {Snapshot:/Users/Yannick/Zotero/storage/L98KDEUI/artikel-desinformation-hybride-bedrohung.html:text/html}
}

@article{ceron_fake_2021,
  title        = {Fake news agenda in the era of {COVID}-19: Identifying trends through fact-checking content},
  volume       = {21},
  issn         = {2468-6964},
  url          = {https://www.sciencedirect.com/science/article/pii/S2468696420300562},
  doi          = {10.1016/j.osnem.2020.100116},
  shorttitle   = {Fake news agenda in the era of {COVID}-19},
  abstract     = {The rise of social media has ignited an unprecedented circulation of false information in our society. It is even more evident in times of crisis, such as the {COVID}-19 pandemic. Fact-checking efforts have significantly expanded and have been touted as among the most promising solutions to fake news. Several studies have reported the development of fact-checking organizations in Western societies, albeit little attention has been given to the Global South. Here, to fill this gap, we introduce a novel Markov-inspired computational method for identifying topics in tweets. In contrast to other topic modeling approaches, our method clusters topics and their current evolution in a predefined time window. To conduct our experiments, we collected data from Twitter accounts of two Brazilian fact-checking outlets and presented the topics debunked by these initiatives in fortnights throughout the pandemic. By comparing these organizations, we could identify similarities and differences in what was shared by them. Our method resulted in an important technique to cluster topics in a wide range of scenarios, including an infodemic – a period overabundance of the same information. In particular, our results revealed a complex intertwining between politics and the health crisis during this period. We conclude by proposing a novel method which, in our opinion, is suitable for topic modeling and also an agenda for future research.},
  pages        = {100116},
  journaltitle = {Online Social Networks and Media},
  shortjournal = {Online Social Networks and Media},
  author       = {Ceron, Wilson and de-Lima-Santos, Mathias-Felipe and Quiles, Marcos G.},
  urldate      = {2024-12-04},
  date         = {2021-01-01},
  keywords     = {Fact checking, Computational method, Social network, Disinformation, Measures against disinformation},
  file         = {ScienceDirect Snapshot:/Users/Yannick/Zotero/storage/WZ22A68N/S2468696420300562.html:text/html;Submitted Version:/Users/Yannick/Zotero/storage/RBQEARKH/Ceron et al. - 2021 - Fake news agenda in the era of COVID-19 Identifyi.pdf:application/pdf}
}

@incollection{dander_fake_2020,
  title     = {Fake News als Herausforderung für ein politisches Verständnis von Medienbildung},
  isbn      = {978-3-8474-2350-8},
  url       = {https://library.oapen.org/bitstream/handle/20.500.12657/46161/9783847415480.pdf?sequence=1&isAllowe#page=98},
  pages     = {97--117},
  booktitle = {Digitalisierung – Subjekt – Bildung},
  publisher = {Verlag Barbara Budrich},
  author    = {Waldmann, Maximilian},
  editor    = {Dander, Valentin and Bettinger, Patrick and Ferraro, Estella and Leineweber, Christian and Rummler, Klaus},
  urldate   = {2024-10-08},
  date      = {2020-01-13},
  langid    = {german},
  doi       = {10.3224/84742350},
  file      = {Rummler - 2020 - Digitalisierung – Subjekt – Bildung.pdf:/Users/Yannick/Zotero/storage/MEFNSK3L/Rummler - 2020 - Digitalisierung – Subjekt – Bildung.pdf:application/pdf}
}

@report{edelmann_experimental_2023,
  title       = {Experimental evidence of sharing and reporting misinformation in Switzerland, France and Germany},
  url         = {https://www.bakom.admin.ch/dam/bakom/de/dokumente/bakom/elektronische_medien/Zahlen%20und%20Fakten/Studien/studie-edelmann-mueller.PDF.download.PDF/Edelmann-Mueller%20(2024)%20Experimentelle%20Belege%20f%C3%BCr%20das%20Teilen%20und%20Melden%20von%20Falschinformationen%20in%20der%20Schweiz,%20Frankreich%20und%20Deutschland%20(2023).PDF},
  abstract    = {The digital transformation has led to major changes in the information ecosystem. Modern communication platforms such as {WhatsApp}, Facebook and Telegram have become important media for information dissemination, blurring boundaries between private and public information channels. Unfortunately, these platforms have also been misused to share inaccurate or inflammatory content. However, studying how misinformation spreads through and across such platforms is notoriously difficult due to scant data. This severely limits an understanding of how misinformation spreads in contemporary societies. Building on a web-service technology we have developed to track sharing of information, we implemented a series of controlled field experiments to research how information veracity and political thinking influences participants’ sharing on Personal Messaging-based Platforms. To better understand how participants evaluate information in those decisions, we used non-intrusive behavioral measures that capture whether they report information as fake. We fielded experiments in the French- and Germanspeaking parts of Switzerland and compared results with experiments run in Germany and France. Across all countries, we find no difference in sharing of true and untrue information; at the same time, we find evidence that participants are able to identify and willing to report false information without being asked to do so. This suggests that participants do not share false information at the same rate as true information because they were not able to discern the difference between the two.},
  institution = {Federal Office of Communication},
  author      = {Edelmann, Achim and Müller, Christian},
  urldate     = {2025-02-25},
  date        = {2023-02-11},
  langid      = {english},
  keywords    = {Social network, Platform Algorithms, Disinformation},
  file        = {Edelmann and Müller - Experimental evidence of sharing and reporting mis.pdf:/Users/Yannick/Zotero/storage/9BG65RN3/Edelmann and Müller - Experimental evidence of sharing and reporting mis.pdf:application/pdf}
}

@book{european_parliament_directorate-general_for_external_policies_of_the_union_impact_2021,
  location  = {Brussels},
  title     = {The impact of disinformation on democratic processes and human rights in the world.},
  isbn      = {978-92-846-8014-6},
  url       = {https://data.europa.eu/doi/10.2861/59161},
  abstract  = {Around the world, disinformation is spreading and becoming a more complex
               phenomenon based on emerging techniques of deception. Disinformation
               undermines human rights and many elements of good quality democracy; but
               counter-disinformation measures can also have a prejudicial impact on human rights
               and democracy. {COVID}-19 compounds both these dynamics and has unleashed more
               intense waves of disinformation, allied to human rights and democracy setbacks.
               Effective responses to disinformation are needed at multiple levels, including formal
               laws and regulations, corporate measures and civil society action. While the {EU} has
               begun to tackle disinformation in its external actions, it has scope to place greater
               stress on the human rights dimension of this challenge. In doing so, the {EU} can draw
               upon best practice examples from around the world that tackle disinformation
               through a human rights lens. This study proposes steps the {EU} can take to build
               counter-disinformation more seamlessly into its global human rights and democracy
               policies.},
  publisher = {Publications Office},
  author    = {{European Parliament: Directorate-General for External Policies of the Union} and Colomina, Carme and Margalef, Héctor Sánchez and Youngs, Richard},
  urldate   = {2025-03-13},
  date      = {2021-04-22},
  keywords  = {Relevance, Theory},
  file      = {Colomina et al. - The impact of disinformation on democratic process.pdf:/Users/Yannick/Zotero/storage/HTPMBQST/Colomina et al. - The impact of disinformation on democratic process.pdf:application/pdf}
}

@article{fernandes_post-factual_2022,
  title        = {A post-factual society},
  volume       = {8},
  rights       = {https://creativecommons.org/licenses/by-nc/4.0},
  issn         = {2183-3435},
  url          = {https://revistas.uminho.pt/index.php/unio/article/view/4524},
  doi          = {10.21814/unio.8.1.4524},
  abstract     = {In 2016 Oxford Dictionaries declared “post-truth” as its international word of the year, and in the last years our vocabulary has enlarged with words and expressions such as alternative facts, disinformation, misinformation, fake news, etc.. Media and social media have undertaken factcheck mechanisms, and several academics have engaged in research on conspiracy theories. One seems to live in a post-factual society, with crucial implications concerning our democratic regimes. This paper aims to address this problem, adopting a philosophic-political approach. Firstly, I consider the emergence of Modernity and its relation to scientific revolutions and the inception of science as a vital arrangement of this historical period. For two centuries we had a strong consensus on the value of science as a tool to describe, understand and control nature and reality – and the notion of fact was central to that consensus. Furthermore, liberal democracy was developed from the conviction that, albeit our different opinions concerning political values, one’s discussion would be confined by facts that were not disputable. That old world seems to have disappeared as a new period has emerged since the 1960s, usually designated as postmodernity. Therefore, secondly, I address the rise of the postmodern period. Obsessed with language and identity, postmodernity has gradually made the ideas of truth and fact vulnerable – even obsolescent. Which consequences result in Western societies and liberal democracies? May democracies survive the assault on truth, science, and the very idea of fact? Or are we condemned to the next stage of government, according to Plato: authoritarianism?},
  pages        = {4--13},
  number       = {1},
  journaltitle = {{UNIO} – {EU} Law Journal},
  shortjournal = {unio},
  author       = {Fernandes, Patrícia},
  urldate      = {2024-09-25},
  date         = {2022-12-31},
  langid       = {english},
  file         = {Fernandes - 2022 - A post-factual society.pdf:/Users/Yannick/Zotero/storage/PYUYQG77/Fernandes - 2022 - A post-factual society.pdf:application/pdf}
}

@article{fikkers_content_2019,
  title        = {Content and person effects in media research: Studying differences in cognitive, emotional, and arousal responses to media content},
  volume       = {23},
  issn         = {1521-3269},
  url          = {https://doi.org/10.1080/15213269.2019.1608257},
  doi          = {10.1080/15213269.2019.1608257},
  shorttitle   = {Content and person effects in media research},
  abstract     = {Cognitive, emotional, and arousal responses to media content stem from two sources of variation: differences in content and differences between individuals. Although the first source of variation (content effects) has been well-studied, individual differences (person effects) in responses to media are investigated much less within communication science. To help build this comparatively thin area of scholarship, this study investigated how four theoretically relevant variables (need for cognition, affective empathy, sensation seeking, and sensory processing sensitivity) affected responses to positively and negatively valenced media entertainment. In a within-subjects design, 243 youth aged 7–15 years (49.4\% female) responded to a positive and negative film clip using both self-reported and physiological measures (heart rate and skin conductance), while parents reported on individual differences. Multilevel analysis was used to distinguish between media content effects and individual differences in responses. Results showed that more variation in responses was due to differences between participants than to differences between stimuli. However, need for cognition, affective empathy, sensation seeking, and sensory processing sensitivity did not significantly explain this between-participant variation in responses. Several conceptual and methodological take-aways are offered to advance our understanding of the relationships between stable individual differences and state responses to media.},
  pages        = {493--520},
  number       = {4},
  journaltitle = {Media Psychology},
  author       = {Fikkers, Karin M. and Piotrowski, Jessica Taylor},
  urldate      = {2025-03-13},
  date         = {2019-04-30},
  langid       = {english},
  note         = {Publisher: Routledge
                  \_eprint: https://doi.org/10.1080/15213269.2019.1608257},
  keywords     = {Theory, Reception/Affection, Video retention \& arousal},
  file         = {Full Text PDF:/Users/Yannick/Zotero/storage/QDZ3WSHN/Fikkers and Piotrowski - 2020 - Content and person effects in media research Stud.pdf:application/pdf}
}

@misc{fivaz_medienkompetenz_2022,
  title     = {Die Medienkompetenz der Schweizer Bevölkerung},
  url       = {https://www.bakom.admin.ch/dam/bakom/de/dokumente/bakom/elektronische_medien/Zahlen%20und%20Fakten/Studien/schlussbericht-die-edienkompetenz-derschweizer-bevoelkerung.pdf.download.pdf/Bercht%20Medienkompetenz%202022%202.pdf},
  publisher = {Politools – Political Research Network},
  author    = {Fivaz, Jan and Schwarz, Daniel},
  urldate   = {2025-02-25},
  date      = {2022-12-13},
  langid    = {german},
  file      = {Fivaz - Die Medienkompetenz der Schweizer Bevölkerung.pdf:/Users/Yannick/Zotero/storage/3ET94C72/Fivaz - Die Medienkompetenz der Schweizer Bevölkerung.pdf:application/pdf}
}

@article{ghai_deep-learning-based_2024,
  title        = {A deep-learning-based image forgery detection framework for controlling the spread of misinformation},
  volume       = {37},
  rights       = {https://www.emerald.com/insight/site-policies},
  issn         = {0959-3845},
  url          = {https://www.emerald.com/insight/content/doi/10.1108/ITP-10-2020-0699/full/html},
  doi          = {10.1108/ITP-10-2020-0699},
  abstract     = {Purpose – Web users rely heavily on online content make decisions without assessing the veracity of the content. The online content comprising text, image, video or audio may be tampered with to influence public opinion. Since the consumers of online information (misinformation) tend to trust the content when the image(s) supplement the text, image manipulation software is increasingly being used to forge the images. To address the crucial problem of image manipulation, this study focusses on developing a deep-learning-based image forgery detection framework. Design/methodology/approach – The proposed deep-learning-based framework aims to detect images forged using copy-move and splicing techniques. The image transformation technique aids the identification of relevant features for the network to train effectively. After that, the pre-trained customized convolutional neural network is used to train on the public benchmark datasets, and the performance is evaluated on the test dataset using various parameters.},
  pages        = {966--997},
  number       = {2},
  journaltitle = {Information Technology \& People},
  shortjournal = {{ITP}},
  author       = {Ghai, Ambica and Kumar, Pradeep and Gupta, Samrat},
  urldate      = {2025-02-26},
  date         = {2024-03-18},
  langid       = {english},
  keywords     = {Social network, Political Decision Making, Platform Algorithms, Disinformation},
  file         = {Ghai et al. - 2024 - A deep-learning-based image forgery detection fram.pdf:/Users/Yannick/Zotero/storage/S5JZ7TDS/Ghai et al. - 2024 - A deep-learning-based image forgery detection fram.pdf:application/pdf}
}

@article{grady_neural_1998,
  title        = {Neural correlates of the episodic encoding of pictures and words},
  volume       = {95},
  issn         = {0027-8424, 1091-6490},
  url          = {https://pnas.org/doi/full/10.1073/pnas.95.5.2703},
  doi          = {10.1073/pnas.95.5.2703},
  abstract     = {A striking characteristic of human memory is that pictures are remembered better than words. We examined the neural correlates of memory for pictures and words in the context of episodic memory encoding to determine material-specific differences in brain activity patterns. To do this, we used positron emission tomography to map the brain regions active during encoding of words and pictures of objects. Encoding was carried out by using three different strategies to explore possible interactions between material specificity and types of processing. Encoding of pictures resulted in greater activity of bilateral visual and medial temporal cortices, compared with encoding words, whereas encoding of words was associated with increased activity in prefrontal and temporoparietal regions related to language function. Each encoding strategy was characterized by a distinctive activity pattern, but these patterns were largely the same for pictures and words. Thus, superior overall memory for pictures may be mediated by more effective and automatic engagement of areas important for visual memory, including medial temporal cortex, whereas the mechanisms underlying specific encoding strategies appear to operate similarly on pictures and words.},
  pages        = {2703--2708},
  number       = {5},
  journaltitle = {Proceedings of the National Academy of Sciences},
  shortjournal = {Proc. Natl. Acad. Sci. U.S.A.},
  author       = {Grady, Cheryl L. and {McIntosh}, Anthony R. and Rajah, M. Natasha and Craik, Fergus I. M.},
  urldate      = {2025-03-14},
  date         = {1998-03-03},
  langid       = {english},
  keywords     = {Theory, Reception/Affection},
  file         = {Full Text:/Users/Yannick/Zotero/storage/F6CTXQBQ/Grady et al. - 1998 - Neural correlates of the episodic encoding of pict.pdf:application/pdf}
}

@thesis{grujic_warnhinweise_2024,
  location    = {Merseburg},
  title       = {Warnhinweise bei „Fake-News” als Strategie gegen Online- Desinformation? Mögliche Konsequenzen bezogen auf Meinungsbildungsprozesse und demokratische Wahlen},
  url         = {https://opendata.uni-halle.de/bitstream/1981185920/117489/1/GrujicNando_Warnhinweise%20bei%20Fake-News%20als%20Strategie%20gegen%20Online-Desinformation.pdf},
  abstract    = {Spätestens seit der {US}-Wahl 2016 ist Online-Desinformation zu einem immer größeren
                 Problem geworden. Der Einfluss von Desinformation auf das wahrgenommene Meinungs-
                 klima und die öffentliche Meinung hat Verzerrungen zufolge, die sich bis in die Wahlkabine
                 auswirken können. Gesetzgebung und Journalismus sind in der demokratischen Verantwor-
                 tung für Rahmenbedingungen zu sorgen, die einen gerechten Meinungsbildungsprozess und
                 faire demokratische Wahlen gewährleisten. Doch auch die großen Internetkonzerne müssen
                 ihrer Verantwortung gerecht werden und Online-Desinformation auf ihren Plattformen ein-
                 dämmen. Desinformative Inhalte von Fact-Check Unternehmen mit Warnhinweisen verse-
                 hen zu lassen, ist eine ihrer Strategien, um dieser Problematik Einhalt zu gebieten. Ob diese
                 Strategie wirkungsvoll ist und was weiterführend getan werden kann, ist die Fragestellung
                 dieser Arbeit. Die Literaturanalyse zeigt, dass die proaktive Aufklärung von Desinformation
                 bei weitem nicht ausreicht. Vielmehr braucht es eine wachsende kritische Medienkompetenz
                 in der Gesellschaft, genauso wie gesteigertes Vertrauen in die politischen Institutionen und
                 in seriösen Journalismus. Diese werden als Schlüsselfaktoren demokratischer Resilienz her-
                 ausgearbeitet, um eine informierte Gesellschaft zu gewährleisten.},
  pagetotal   = {44},
  institution = {Hochschule Merseburg},
  type        = {Bachelorarbeit},
  author      = {Grujic, Nando},
  urldate     = {2024-04-12},
  date        = {2024-02-13},
  langid      = {german},
  keywords    = {Relevance, Political Decision Making, Meta Analysis, Theory, Project, Reception/Affection, Measures against disinformation},
  file        = {Grujic - 2024 - Warnhinweise bei „Fake-News” als Strategie gegen O.pdf:/Users/Yannick/Zotero/storage/ZQJ48AYL/Grujic - 2024 - Warnhinweise bei „Fake-News” als Strategie gegen O.pdf:application/pdf}
}

@article{habgood-coote_stop_2019,
  title        = {Stop talking about fake news!},
  volume       = {62},
  issn         = {0020-174X},
  url          = {https://doi.org/10.1080/0020174X.2018.1508363},
  doi          = {10.1080/0020174X.2018.1508363},
  abstract     = {Since 2016, there has been an explosion of academic work that fixes its subject matter using the terms ‘fake news’ and ‘post-truth’. In this paper, I argue that this terminology is not up to scratch, and that academics and journalists ought to completely stop using the terms ‘fake news’ and ‘post-truth’. I set out three arguments for abandonment. First, that ‘fake news’ and ‘post-truth’ do not have stable public meanings, entailing that they are either nonsense, context-sensitive, or contested. Secondly, that these terms are unnecessary, because we already have a rich vocabulary for thinking about epistemic dysfunction. Thirdly, I observe that ‘fake news’ and ‘post-truth’ have propagandistic uses, meaning that using these terms legitimates anti-democratic propaganda, and risks smuggling bad ideology into conversations.},
  pages        = {1033--1065},
  number       = {9},
  journaltitle = {Inquiry},
  author       = {Habgood-Coote, Joshua},
  urldate      = {2025-03-17},
  date         = {2019-11-26},
  note         = {Publisher: Routledge
                  \_eprint: https://doi.org/10.1080/0020174X.2018.1508363},
  keywords     = {Definition, Disinformation},
  file         = {Full Text PDF:/Users/Yannick/Zotero/storage/X4T3YCAW/Habgood-Coote - 2019 - Stop talking about fake news!.pdf:application/pdf}
}

@article{hanjalic_affective_2005,
  title        = {Affective video content representation and modeling},
  volume       = {7},
  issn         = {1941-0077},
  url          = {https://ieeexplore.ieee.org/abstract/document/1386249},
  doi          = {10.1109/TMM.2004.840618},
  abstract     = {This paper looks into a new direction in video content analysis - the representation and modeling of affective video content . The affective content of a given video clip can be defined as the intensity and type of feeling or emotion (both are referred to as affect) that are expected to arise in the user while watching that clip. The availability of methodologies for automatically extracting this type of video content will extend the current scope of possibilities for video indexing and retrieval. For instance, we will be able to search for the funniest or the most thrilling parts of a movie, or the most exciting events of a sport program. Furthermore, as the user may want to select a movie not only based on its genre, cast, director and story content, but also on its prevailing mood, the affective content analysis is also likely to contribute to enhancing the quality of personalizing the video delivery to the user. We propose in this paper a computational framework for affective video content representation and modeling. This framework is based on the dimensional approach to affect that is known from the field of psychophysiology. According to this approach, the affective video content can be represented as a set of points in the two-dimensional (2-D) emotion space that is characterized by the dimensions of arousal (intensity of affect) and valence (type of affect). We map the affective video content onto the 2-D emotion space by using the models that link the arousal and valence dimensions to low-level features extracted from video data. This results in the arousal and valence time curves that, either considered separately or combined into the so-called affect curve, are introduced as reliable representations of expected transitions from one feeling to another along a video, as perceived by a viewer.},
  pages        = {143--154},
  number       = {1},
  journaltitle = {{IEEE} Transactions on Multimedia},
  author       = {Hanjalic, A. and Xu, Li-Qun},
  urldate      = {2025-03-04},
  date         = {2005-02},
  note         = {Conference Name: {IEEE} Transactions on Multimedia},
  keywords     = {Content Analysis, Method, Reception/Affection},
  file         = {Full Text PDF:/Users/Yannick/Zotero/storage/TLW83VXY/Hanjalic and Xu - 2005 - Affective video content representation and modelin.pdf:application/pdf;IEEE Xplore Abstract Record:/Users/Yannick/Zotero/storage/EUD9SCYV/1386249.html:text/html}
}

@incollection{hohlfeld_schlechte_2020,
  location   = {Baden-Baden},
  title      = {Schlechte Nachrichten: "Fake News" in Politik und Öffentlichkeit},
  isbn       = {978-3-7489-0133-4},
  url        = {https://www.nomos-elibrary.de/index.php?doi=10.5771/9783748901334-245},
  shorttitle = {Schlechte Nachrichten},
  abstract   = {Das Funktionieren moderner Demokratien hängt von der Informiertheit der Öffentlichkeit ab. Durch den Erfolg von »Fake News« und postfaktischer Politik ist diese jedoch in Gefahr, zumal parallele Öffentlichkeiten zunehmend sogenannte alternative analoge und digitale Medienangebote nutzen. In diesem Beitrag untersuchen wir, wie sich »Fake News« verbreiten und Einfluss auf Öffentlichkeit und Politik gewinnen. Dazu analysieren wir das Zusammenspiel einer Reihe kognitiver Verzerrungen mit der Funktionsweise sozialer Medien sowie die strukturellen Anreize, die der digitalisierte Medienkapitalismus setzt. Beides spielt der Verbreitung von »Fake News« in die Hände, was einige politische Akteure auszunutzen wissen. »Fake News« werden in diesem Fall als Propaganda eingesetzt. Wir unterscheiden vier Funktionen von »Fake News«-Propaganda: (1) die Täuschung der Öffentlichkeit, (2) die Stärkung von Gruppenidentitäten, (3) die Demonstration von Macht und (4) die Destabilisierung der politischen oder öffentlichen Ordnung.},
  volumes    = {1},
  pages      = {245--268},
  booktitle  = {Fake News und Desinformation},
  publisher  = {Nomos Verlagsgesellschaft {mbH} \& Co. {KG}},
  author     = {Jaster, Romy and Lanius, David},
  editor     = {Hohlfeld, Ralf and Harnischmacher, Michael and Heinke, Elfi and Lehner, Lea and Sengl, Michael},
  urldate    = {2024-11-04},
  date       = {2020},
  langid     = {german},
  doi        = {10.5771/9783748901334-245},
  keywords   = {Definition, Political Decision Making, Media Literacy, Theory, Reception/Affection},
  file       = {Jaster and Lanius - 2020 - Schlechte Nachrichten Fake News in Politik und .pdf:/Users/Yannick/Zotero/storage/9RRAL2U7/Jaster and Lanius - 2020 - Schlechte Nachrichten Fake News in Politik und .pdf:application/pdf}
}

@artwork{howard_trees_2017,
  title   = {trees on fire},
  rights  = {Free to use under the Unsplash License},
  url     = {https://unsplash.com/photos/trees-on-fire-eAKDzK4lo4o},
  author  = {Howard, Matt},
  urldate = {2025-01-30},
  date    = {2017-11-18},
  note    = {Titelblatt},
  file    = {matt-howard-eAKDzK4lo4o-unsplash.jpg:/Users/Yannick/Zotero/storage/V9FDJKUQ/matt-howard-eAKDzK4lo4o-unsplash.jpg:image/jpeg}
}

@article{isaac_meta_2025,
  title        = {Meta Says It Will End Its Fact-Checking Program on Social Media Posts},
  issn         = {0362-4331},
  url          = {https://www.nytimes.com/live/2025/01/07/business/meta-fact-checking},
  abstract     = {The social networking giant will stop using third-party fact-checkers on Facebook, Threads and Instagram and instead rely on users to add notes to posts. It is likely to please President-elect Trump and his allies.},
  journaltitle = {The New York Times},
  author       = {Isaac, Mike and Schleifer, Theodore},
  urldate      = {2025-03-12},
  date         = {2025-01-07},
  langid       = {american},
  keywords     = {Fact checking, Relevance, Theory, Disinformation},
  file         = {Snapshot:/Users/Yannick/Zotero/storage/FZ7DE6BQ/meta-fact-checking.html:text/html}
}

@article{kertysova_artificial_2018,
  title        = {Artificial Intelligence and Disinformation: How {AI} Changes the Way Disinformation is Produced, Disseminated, and Can Be Countered},
  volume       = {29},
  rights       = {https://creativecommons.org/licenses/by-nc/4.0/},
  issn         = {1874-7337, 1875-0230},
  url          = {https://brill.com/view/journals/shrs/29/1-4/article-p55_55.xml},
  doi          = {10.1163/18750230-02901005},
  shorttitle   = {Artificial Intelligence and Disinformation},
  abstract     = {This article explores the challenges and opportunities presented by advances in artificial intelligence ({AI}) in the context of information operations. The article first examines the ways in which {AI} can be used to counter disinformation online. It then dives into some of the limitations of {AI} solutions and threats associated with {AI} techniques, namely user profiling, micro-targeting, and deep fakes. Finally, the paper reviews a number of solutions that could help address the spread of {AI}-powered disinformation and improve the online environment. The article recognises that in the fight against disinformation, there is no single fix. The next wave of disinformation calls first and foremost for societal resilience.},
  pages        = {55--81},
  number       = {1},
  journaltitle = {Security and Human Rights},
  shortjournal = {Secur. Hum. Rights},
  author       = {Kertysova, Katarina},
  urldate      = {2025-01-18},
  date         = {2018-12-12},
  langid       = {english},
  keywords     = {{AI}},
  file         = {Kertysova - 2018 - Artificial Intelligence and Disinformation How AI.pdf:/Users/Yannick/Zotero/storage/FL7FFBJP/Kertysova - 2018 - Artificial Intelligence and Disinformation How AI.pdf:application/pdf}
}

@unpublished{kessler_desinformation_2025,
  title    = {Desinformation im Zeitalter generativer Künstlicher Intelligenz – Erkennen, verstehen, Schützen},
  author   = {Kessler, Sabrina Heike},
  urldate  = {2025-02-21},
  date     = {2025-01-16},
  langid   = {german},
  keywords = {{AI}},
  file     = {Kessler - Desinformation im Zeitalter generativer Künstliche.pdf:/Users/Yannick/Zotero/storage/W6NHZZF7/Kessler - Desinformation im Zeitalter generativer Künstliche.pdf:application/pdf}
}

@article{khan_fake_2021,
  title        = {Fake news outbreak 2021: Can we stop the viral spread?},
  volume       = {190},
  issn         = {1084-8045},
  url          = {https://www.sciencedirect.com/science/article/pii/S1084804521001326},
  doi          = {10.1016/j.jnca.2021.103112},
  shorttitle   = {Fake news outbreak 2021},
  abstract     = {Social Networks' omnipresence and ease of use has revolutionized the generation and distribution of information in today's world. However, easy access to information does not equal an increased level of public knowledge. Unlike traditional media channels, social networks also facilitate faster and wider spread of disinformation and misinformation. Viral spread of false information has serious implications on the behaviours, attitudes and beliefs of the public, and ultimately can seriously endanger the democratic processes. Limiting false information's negative impact through early detection and control of extensive spread presents the main challenge facing researchers today. In this survey paper, we extensively analyze a wide range of different solutions for the early detection of fake news in the existing literature. More precisely, we examine Machine Learning ({ML}) models for the identification and classification of fake news, online fake news detection competitions, statistical outputs as well as the advantages and disadvantages of some of the available data sets. Finally, we evaluate the online web browsing tools available for detecting and mitigating fake news and present some open research challenges.},
  pages        = {103112},
  journaltitle = {Journal of Network and Computer Applications},
  shortjournal = {Journal of Network and Computer Applications},
  author       = {Khan, Tanveer and Michalas, Antonis and Akhunzada, Adnan},
  urldate      = {2024-12-04},
  date         = {2021-09-15},
  keywords     = {Fact checking, Machine learning, Tools, Social network, Relevance, Definition, Political Decision Making, Media Literacy, Theory, Method, Disinformation, Research needs},
  file         = {Full Text:/Users/Yannick/Zotero/storage/8D3CUGZ8/Khan et al. - 2021 - Fake news outbreak 2021 Can we stop the viral spr.pdf:application/pdf;ScienceDirect Snapshot:/Users/Yannick/Zotero/storage/TZN9PPYD/S1084804521001326.html:text/html}
}

@article{khan_social_2017,
  title        = {Social media engagement: What motivates user participation and consumption on {YouTube}?},
  volume       = {66},
  issn         = {0747-5632},
  url          = {https://www.sciencedirect.com/science/article/pii/S0747563216306513},
  doi          = {10.1016/j.chb.2016.09.024},
  shorttitle   = {Social media engagement},
  abstract     = {This study unearths the motives for {YouTube} user engagement that has been conceptualized as active participation and passive content consumption. In light of the Uses and Gratifications framework, a sample of 1143 registered {YouTube} users completed online surveys that helped gauge user behavior. Results showed that for participation on {YouTube}, the strongest predictor for liking and disliking videos was the relaxing entertainment motive; commenting and uploading being strongly predicted by social interaction motive; sharing being strongly predicted by information giving motive. Passive content consumption in the form of video viewing was most strongly predicted by relaxing entertainment motive, and reading comments predicted by information seeking motive. Greater {YouTube} experience negatively predicted liking, and anonymity played a role in sharing and uploading videos. Males were more likely to dislike {YouTube} videos in comparison with females.},
  pages        = {236--247},
  journaltitle = {Computers in Human Behavior},
  shortjournal = {Computers in Human Behavior},
  author       = {Khan, M. Laeeq},
  urldate      = {2025-03-14},
  date         = {2017-01-01},
  keywords     = {Social network, Theory, Method, Reception/Affection, Video retention \& arousal},
  file         = {Khan - 2017 - Social media engagement What motivates user parti.pdf:/Users/Yannick/Zotero/storage/TNTVSIQA/Khan - 2017 - Social media engagement What motivates user parti.pdf:application/pdf;ScienceDirect Snapshot:/Users/Yannick/Zotero/storage/TYQXTJPN/S0747563216306513.html:text/html}
}

@article{krafft_disinformation_2020,
  title        = {Disinformation by Design: The Use of Evidence Collages and Platform Filtering in a Media Manipulation Campaign},
  volume       = {37},
  issn         = {1058-4609},
  url          = {https://doi.org/10.1080/10584609.2019.1686094},
  doi          = {10.1080/10584609.2019.1686094},
  shorttitle   = {Disinformation by Design},
  abstract     = {Disinformation campaigns such as those perpetrated by far-right groups in the United States seek to erode democratic social institutions. Looking to understand these phenomena, previous models of disinformation have emphasized identity-confirmation and misleading presentation of facts to explain why such disinformation is shared. A risk of these accounts, which conjure images of echo chambers and filter bubbles, is portraying people who accept disinformation as relatively passive recipients or conduits. Here we conduct a case study of tactics of disinformation to show how platform design and decentralized communication contribute to advancing the spread of disinformation even when that disinformation is continuously and actively challenged where it appears. Contrary to a view of disinformation flowing within homogeneous echo chambers, in our case study we observe substantial skepticism against disinformation narratives as they form. To examine how disinformation spreads amidst skepticism in this case, we employ a document-driven multi-site trace ethnography to analyze a contested rumor that crossed anonymous message boards, the conservative media ecosystem, and other platforms. We identify two important factors that filtered out skepticism and contested explanations, which facilitated the transformation of this rumor into a disinformation campaign: (1) the aggregation of information into evidence collages—image files that aggregate positive evidence—and (2) platform filtering—the decontextualization of information as these claims crossed platforms. Our findings provide an elucidation of “trading up the chain” dynamics explored by previous researchers and a counterpoint to the relatively mechanistic accounts of passive disinformation propagation that dominate the quantitative literature. We conclude with a discussion of how these factors relate to the communication power available to disparate groups at different times, as well as practical implications for inferring intent from social media traces and practical implications for the design of social media platforms.},
  pages        = {194--214},
  number       = {2},
  journaltitle = {Political Communication},
  author       = {Krafft, P. M. and Donovan, Joan},
  urldate      = {2025-03-18},
  date         = {2020-03-03},
  note         = {Publisher: Routledge
                  \_eprint: https://doi.org/10.1080/10584609.2019.1686094},
  keywords     = {Theory},
  file         = {Full Text PDF:/Users/Yannick/Zotero/storage/YY6JV5QY/Krafft and and Donovan - 2020 - Disinformation by Design The Use of Evidence Collages and Platform Filtering in a Media Manipulatio.pdf:application/pdf}
}

@report{kulling-knecht_james_2024,
  location    = {Zürich},
  title       = {{JAMES} – Jugend, Aktivitäten, Medien – Erhebung Schweiz},
  url         = {https://www.zhaw.ch/storage/psychologie/upload/forschung/medienpsychologie/james/2018/JAMES_2024_DE.pdf},
  abstract    = {{JAMES} steht für Jugend, Aktivitäten, Medien – Erhebung Schweiz und untersucht im Zweijahresrhythmus das Freizeit- und Medienverhalten von Jugendlichen in der Schweiz. Für die {JAMES}-Studie 2024
                 wurden Daten von 1183 Jugendlichen im Alter von 12 bis 19 Jahren aus den drei grossen Sprachregionen gesammelt. Die Erhebungen erfolgten im Klassenverband mithilfe eines Papierfragebogens und
                 fanden zwischen Ende April und Mitte Juni 2024 statt.
                 Verbringen Schweizer Jugendliche ihre Freizeit allein, stehen sportliche Aktivitäten, das Musikhören,
                 die Nutzung audiovisueller Medien (Filme, Serien, Fernsehen) und das Gamen im Fokus. Die Zeit, die
                 gemeinsam mit Freundinnen und Freunden verbracht wird, ist besonders geprägt von sportlichen Aktivitäten, der Zeit draussen in der Natur und gemeinsamen Unternehmungen. Auch 2024 treffen über
                 zwei Drittel der Jugendlichen regelmässig (mindestens mehrmals pro Woche) Freundinnen und
                 Freunde, treiben Sport oder ruhen sich aus und tun nichts.
                 Die Jugendlichen haben in ihren Haushalten Zugriff auf eine grosse Vielfalt an Medien. Fast ausnahmslos allen ist Zugang zu Internet, Handy, Computer / Laptop und einem Fernsehgerät gewährleistet. Film
                 und Serienstreaming-Abos sind in acht von zehn Haushalten verfügbar, das sind etwas weniger im
                 Vergleich zu 2022. Jugendliche selbst verfügen bis auf einzelne Ausnahmen alle über ein Smartphone.
                 Drei Viertel besitzen einen eigenen Computer oder Laptop. Am intensivsten nutzen die Jugendlichen in
                 ihrer Freizeit das Smartphone, sind im Internet und hören Musik. Soziale Netzwerke und Messenger
                 wie Instagram, {TikTok}, Snapchat und {WhatsApp} sind besonders beliebt unter Jugendlichen. Die Nutzungsintensität dieser Big Four hat sich seit 2022 nicht verändert, sondern scheint auf relativ hohem
                 Niveau zu stagnieren. In sozialen Netzwerken werden am häufigsten Beiträge von anderen angesehen
                 oder gelikt, und über die Chatfunktion werden persönliche Nachrichten verschickt. Die Veröffentlichung
                 eigener Beiträge erfolgt seltener und wenn, dann meist nur für ein ausgewähltes Publikum oder zeitlich
                 begrenzt. Acht von zehn Jugendlichen gamen in ihrer Freizeit zumindest ab und zu, rund 50\% sogar
                 regelmässig. Nach wie vor spielen Jungen deutlich häufiger regelmässig Games als Mädchen. Am beliebtesten sind dabei Free to Play Games. Das mit Abstand beliebteste Game ist 2024 Brawl Stars.
                 Ebenfalls sehr beliebt sind Fortnite und Minecraft. Das Lieblingsbuch der Jugendlichen ist – unverändert
                 seit vielen Jahren – Harry Potter. Insgesamt erwähnten die Jugendlichen eine grosse Bandbreit an
                 Lieblingsbüchern und es zeigen sich sowohl Unterschiede zwischen den Geschlechtern als auch zwischen den Sprachregionen. Zur Unterhaltung nutzen Jugendliche im Internet hauptsächlich soziale
                 Netzwerke, Messenger und Videoportale. Suchmaschinen dienen hingegen vor allem dazu, sich zu informieren. Das Smartphone wird von Jugendlichen im Schnitt an einem Wochentag rund drei Stunden,
                 an einem Tag am Wochenende 4 Stunden verwendet. Die Heranwachsenden nutzen Ihr Smartphone
                 am meisten für Messenger Chats, als Uhr, zum Telefonieren und für Sprachnachrichten.
                 Da die Erfahrungen mit Cybermobbing und sexueller Belästigung in früheren Erhebungen zugenommen
                 haben, wurde in dieser Ausgabe der Studie erstmals nicht nur die Prävalenz, sondern auch die Häufigkeit solcher Vorfälle abgefragt. Fast ein Viertel der Befragten hat schon mehrere Male erlebt, dass sie
                 im digitalen Raum beschimpft oder beleidigt wurden. Mehr als ein Zehntel der Jugendlichen hat schon
                 mehrere Male erlebt, dass sie online mit unerwünschten sexuellen Absichten angesprochen wurden
                 oder jemand mit ihnen über Sex reden wollte, wobei Mädchen stärker betroffen sind als Jungen.},
  institution = {Zürcher Hochschule für Angewandte Wissenschaften},
  author      = {Külling-Knecht, Céline and Waller, Gregor and Willemse, Isabel and Deda-Bröchin, Svenja and Streule, Pascal and Settegrana, Nicolò and Jochim, Mirjam and Bernath, Jael and Süss, Daniel and Suter, Lilian},
  urldate     = {2025-03-12},
  date        = {2024},
  langid      = {german},
  note        = {Ergebnisbericht zur {JAMES}-Studie 2024},
  keywords    = {Social network, Relevance, Media Literacy, Theory},
  file        = {Süss et al. - Ergebnisbericht zur JAMES-Studie 2024.pdf:/Users/Yannick/Zotero/storage/D8EP9HNQ/Süss et al. - Ergebnisbericht zur JAMES-Studie 2024.pdf:application/pdf}
}

@article{lai_content_2015,
  title        = {Content analysis of social media: A grounded theory approach},
  volume       = {16},
  url          = {https://www.researchgate.net/publication/276304592_Content_analysis_of_social_media_A_grounded_theory_approach},
  abstract     = {Social media has become a vital part of social life. It affects the beliefs, values, and attitudes of people, as well as their intentions and behaviors. Meanwhile, social media enables governments and organizations to engage people while allowing consumers to make informed decisions. Therefore, converting social media content into information, key concepts, and themes is crucial for generating knowledge and formulating strategies. In this paper, we introduce a grounded theory approach that involves (i) defining the goal and scope of a study; (ii) logically and systematically identifying social media sources, total sample size, and the sample size of every source category; (iii) employing computer-aided lexical analysis with statistical and graphical methods to identify the key dimensions of the topic while minimizing human errors, as well as coding and categorization biases; and (iv) interpreting the findings of the study. This systematic approach was illustrated with the destination image of Macao as an example. The proposed methodology with its hybrid nature can quantitatively analyze qualitative social media content (e.g., impressions, opinions, and feelings) and can identify emergent concepts from the ground up. This paper contributes to electronic commerce research by presenting a novel approach for extracting, analyzing, and understanding social media content.},
  pages        = {138--152},
  number       = {2},
  journaltitle = {Journal of Electronic Commerce Research},
  author       = {Lai, Linda S. L. and To, Wai Ming},
  date         = {2015-05-16},
  langid       = {english},
  keywords     = {Computational method, Social network, Content Analysis, Method},
  file         = {Lai - 2015 - CONTENT ANALYSIS OF SOCIAL MEDIA A GROUNDED THEOR.pdf:/Users/Yannick/Zotero/storage/DKLRIUZ2/Lai - 2015 - CONTENT ANALYSIS OF SOCIAL MEDIA A GROUNDED THEOR.pdf:application/pdf}
}

@incollection{lange_unsicherheit_2019,
  location  = {Wiesbaden},
  title     = {Unsicherheit durch Lüge – Sicherheitspolitik im postfaktischen Zeitalter},
  rights    = {http://www.springer.com/tdm},
  isbn      = {978-3-658-27281-4},
  url       = {http://link.springer.com/10.1007/978-3-658-27281-4},
  abstract  = {Der folgende Beitrag, eine etwas erweiterte Fassung eines Redebeitrages zur {AKIS}-Konferenz an der {DHPol} vom Dezember 2017, behandelt das Aufkommen neuer Erscheinungsformen politischer Kommunikation und deren Auswirkungen auf die Demokratie, illustriert am Fallbeispiel der Sicherheitspolitik. Im Politikfeld Innere Sicherheit, welches die Situation und das Lebensgefühl der Bürgerinnen und Bürger besonders stark prägt, ist politische Kommunikation von außerordentlich hoher Relevanz. Insofern können Störungen in der Kommunikation und Informationsverbreitung hier auch zu besonders kritischen Konsequenzen führen und somit zu bedeutsamen Herausforderungen für Polizei sowie andere Behörden und Organisationen mit Sicherheitsaufgaben ({BOS}) werden. „Desinformation“ bezeichnet der Medienwissenschaftler Stephan Russ-Mohl „als die Pest der digitalisierten Gesellschaft.“1 Gefährden ‚Fake News‘ am Ende sogar tatsächlich die Demokratie, wie der ehemalige Bürgermeister Hamburgs, Klaus von Dohnanyi, behauptet2, oder werden sie in ihrer Bedeutung von Politik, Medien und Wissenschaft überschätzt?},
  pages     = {162},
  booktitle = {Postfaktische Sicherheitspolitik: Gewährleistung von Sicherheit in unübersichtlichen Zeiten},
  publisher = {Springer Fachmedien Wiesbaden},
  author    = {Kagel, Martin},
  editor    = {Lange, Hans-Jürgen and Wendekamm, Michaela},
  urldate   = {2024-09-25},
  date      = {2019},
  langid    = {german},
  doi       = {10.1007/978-3-658-27281-4},
  file      = {Lange and Wendekamm - 2019 - Postfaktische Sicherheitspolitik Gewährleistung v.pdf:/Users/Yannick/Zotero/storage/CR9K4MD2/Lange and Wendekamm - 2019 - Postfaktische Sicherheitspolitik Gewährleistung v.pdf:application/pdf}
}

@article{latzer_vertrauen_2017,
  title    = {Vertrauen und Sorgen bei der Internetnutzung in der Schweiz 2017},
  url      = {http://mediachange.ch/media/pdf/publications/Vertrauen_Sorgen_2017.pdf},
  doi      = {10.5167/UZH-142252},
  author   = {Latzer, Michael and Büchi, Moritz and Festic, Noemi and Just, Natascha},
  urldate  = {2024-09-25},
  date     = {2017-11-08},
  langid   = {german},
  note     = {Publisher: Universität Zürich},
  keywords = {Media Literacy, Theory},
  file     = {Latzer et al. - 2017 - Vertrauen und Sorgen bei der Internetnutzung in de.pdf:/Users/Yannick/Zotero/storage/M7GZYVPL/Latzer et al. - 2017 - Vertrauen und Sorgen bei der Internetnutzung in de.pdf:application/pdf}
}

@article{latzer_vertrauen_2023,
  title    = {Vertrauen und Sorgen bei der Internetnutzung in der Schweiz 2023},
  url      = {http://mediachange.ch/research/wip-ch-2023},
  doi      = {10.5167/UZH-251585},
  author   = {Latzer, Michael and Festic, Noemi and Kappeler, Kiran and Odermatt, Céline Marie},
  urldate  = {2024-09-25},
  date     = {2023-11},
  langid   = {german},
  note     = {Publisher: Universität Zürich},
  keywords = {Media Literacy, Theory},
  file     = {Latzer et al. - 2023 - Vertrauen und Sorgen bei der Internetnutzung in de.pdf:/Users/Yannick/Zotero/storage/XH4HLISX/Latzer et al. - 2023 - Vertrauen und Sorgen bei der Internetnutzung in de.pdf:application/pdf}
}

@article{lazer_science_2018,
  title        = {The science of fake news},
  volume       = {359},
  rights       = {http://www.sciencemag.org/about/science-licenses-journal-article-reuse},
  issn         = {0036-8075, 1095-9203},
  url          = {https://www.science.org/doi/10.1126/science.aao2998},
  doi          = {10.1126/science.aao2998},
  abstract     = {Addressing fake news requires a multidisciplinary effort
                  , 
                  The rise of fake news highlights the erosion of long-standing institutional bulwarks against misinformation in the internet age. Concern over the problem is global. However, much remains unknown regarding the vulnerabilities of individuals, institutions, and society to manipulations by malicious actors. A new system of safeguards is needed. Below, we discuss extant social and computer science research regarding belief in fake news and the mechanisms by which it spreads. Fake news has a long history, but we focus on unanswered scientific questions raised by the proliferation of its most recent, politically oriented incarnation. Beyond selected references in the text, suggested further reading can be found in the supplementary materials.},
  pages        = {1094--1096},
  number       = {6380},
  journaltitle = {Science},
  shortjournal = {Science},
  author       = {Lazer, David M. J. and Baum, Matthew A. and Benkler, Yochai and Berinsky, Adam J. and Greenhill, Kelly M. and Menczer, Filippo and Metzger, Miriam J. and Nyhan, Brendan and Pennycook, Gordon and Rothschild, David and Schudson, Michael and Sloman, Steven A. and Sunstein, Cass R. and Thorson, Emily A. and Watts, Duncan J. and Zittrain, Jonathan L.},
  urldate      = {2025-03-11},
  date         = {2018-03-09},
  langid       = {english},
  keywords     = {Fact checking, Definition, Political Decision Making, Platform Algorithms, Theory, Disinformation, Research needs, Measures against disinformation},
  file         = {Lazer et al. - 2018 - The science of fake news.pdf:/Users/Yannick/Zotero/storage/R256NQGK/Lazer et al. - 2018 - The science of fake news.pdf:application/pdf}
}

@report{lesher_oecd_2024,
  title       = {The {OECD} Truth Quest Survey: Methodology and findings},
  url         = {https://doi.org/10.1787/92a94c0f-en},
  shorttitle  = {The {OECD} Truth Quest Survey},
  abstract    = {False and misleading content online poses significant risks to the well-being of people and society, but a
                 lack of cross-country comparable evidence persists. This paper contributes to the statistical literature in
                 this area by presenting the {OECD} Truth Quest Survey methodology and key findings. The cross-country
                 comparable data from the survey will help policy makers better understand the mechanisms underlying
                 the diffusion of false and misleading content online with a view to designing media literacy strategies,
                 programmes and related policies to address the negative effects of such content.
                 This paper was written by Molly Lesher, Hanna Pawelec and Mercedes Fogarassy, under the direction of
                 Audrey Plonk. The survey design benefitted from feedback from Achim Edelmann ({SciencesPo} médialab),
                 Kinga Makovi (New York University Abu Dhabi), and Christian Mueller (University of Bern). Research by
                 Worthy Cho and feedback from Camilo Umana-Dajud in the initial phase of the project are gratefully
                 acknowledged.},
  number      = {369},
  type        = {{OECD} Digital Economy Papers},
  author      = {Lesher, Molly and Pawelec, Hanna and Fogarassy, Mercedes},
  editorb     = {{OECD Organisation for Economic Co-operation and Development}},
  editorbtype = {redactor},
  urldate     = {2025-03-18},
  date        = {2024-06-28},
  langid      = {english},
  doi         = {10.1787/92a94c0f-en},
  note        = {Series: {OECD} Digital Economy Papers
                 Volume: 369},
  keywords    = {Media Literacy, Disinformation},
  file        = {2024 - The OECD Truth Quest Survey Methodology and findi.pdf:/Users/Yannick/Zotero/storage/M64U3UZA/2024 - The OECD Truth Quest Survey Methodology and findi.pdf:application/pdf}
}

@incollection{lobinger_visuelle_2019,
  location  = {Wiesbaden},
  title     = {Visuelle Methoden},
  isbn      = {978-3-658-06508-9},
  url       = {https://doi.org/10.1007/978-3-658-06508-9_22},
  abstract  = {Dieser Beitrag beschäftigt sich mit visuellen Methoden und illustriert deren Anwendung in der Visuellen Kommunikationsforschung sowie in der kommunikations- und medienwissenschaftlichen Forschung generell. Bilder und visuelle Elemente können auf vielfältige Weisen zu Forschungszwecken eingesetzt werden, etwa wenn Fotografien als Gesprächsstimuli in Interviews oder Zeichnungen und Visualisierungen zur Veranschaulichung komplexer Zusammenhänge genutzt werden. Der Beitrag möchte entsprechend für die Potenziale visueller Methoden sensibilisieren und gibt forschungspraktische Anleitungen anhand mehrerer Beispielstudien.},
  pages     = {597--620},
  booktitle = {Handbuch Visuelle Kommunikationsforschung},
  publisher = {Springer Fachmedien},
  author    = {Lobinger, Katharina and Mengis, Jeanne},
  editor    = {Lobinger, Katharina},
  urldate   = {2025-03-24},
  date      = {2019},
  langid    = {german},
  doi       = {10.1007/978-3-658-06508-9_22},
  keywords  = {Content Analysis, Method},
  file      = {Full Text PDF:/Users/Yannick/Zotero/storage/2NE5RKB9/Lobinger and Mengis - 2019 - Visuelle Methoden.pdf:application/pdf}
}

@incollection{marx_fake_2020,
  location   = {Berlin, Boston},
  title      = {„Fake News“: Aktuelle Desinformation: Eine Begriffsexplikation},
  isbn       = {978-3-11-067988-5},
  url        = {https://www.degruyter.com/document/doi/10.1515/9783110679885-008/html},
  shorttitle = {„Fake News“},
  abstract   = {Seit dem Präsidentschaftswahlkampf in den {USA} sorgen „Fake News“ für eine lebhafte wissenschaftliche Debatte. Bisherige Definitionen sind allerdings weder einheitlich noch widerspruchsfrei und werden zudem nicht nachvollziehbar entwickelt, sondern meist einfach gesetzt. Unser Beitrag will dieses Theoriedefizit mittels einer Begriffsexplikation unter Rückgriff auf Literatur zu Desinformation, Lüge und (öffentliche) Kommunikation abstellen. Dabei ersetzen wir den Begriff „Fake News“ durch „aktuelle Desinformation“ und erörtern systematisch, welche Bedingungen notwendig sind, um von diesem Phänomen sprechen zu können. Wir definieren aktuelle Desinformation als Kommunikation wissentlich und empirisch falscher Informationen zu neuen und relevanten Sachverhalten mit dem Anspruch auf Wahrheit.},
  pages      = {147--162},
  booktitle  = {Deutsch in Sozialen Medien: Interaktiv – multimodal – vielfältig},
  publisher  = {De Gruyter},
  author     = {Kohring, Matthias and Zimmermann, Fabian},
  editor     = {Marx, Konstanze and Lobin, Henning and Schmidt, Axel},
  urldate    = {2024-11-05},
  date       = {2020-02-24},
  langid     = {german},
  doi        = {10.1515/9783110679885-008},
  keywords   = {Social network, Definition, Political Decision Making, Theory, Disinformation},
  file       = {Marx et al. - 2020 - „Fake News“ Aktuelle Desinformation Eine Begriff.pdf:/Users/Yannick/Zotero/storage/Y889ARZV/Marx et al. - 2020 - „Fake News“ Aktuelle Desinformation Eine Begriff.pdf:application/pdf}
}

@online{meta_transparency_centre_penalties_2025,
  title      = {Penalties for sharing fact-checked content {\textbar} Transparency Centre},
  url        = {https://transparency.meta.com/en-gb/enforcement/taking-action/penalties-for-sharing-fact-checked-content/},
  abstract   = {Meta regularly publishes reports to give our community visibility into Community Standards enforcement, government requests and Internet disruptions},
  titleaddon = {transparency.meta.com},
  author     = {{Meta Transparency Centre}},
  urldate    = {2025-03-12},
  date       = {2025-02-20},
  langid     = {english},
  keywords   = {Fact checking, Relevance, Theory, Disinformation, Measures against disinformation},
  file       = {Snapshot:/Users/Yannick/Zotero/storage/UMTHQANM/penalties-for-sharing-fact-checked-content.html:text/html}
}

@collection{montasari_artificial_2022,
  location  = {Cham},
  title     = {Artificial Intelligence and National Security},
  rights    = {https://www.springer.com/tdm},
  isbn      = {978-3-031-06708-2 978-3-031-06709-9},
  url       = {https://link.springer.com/10.1007/978-3-031-06709-9},
  publisher = {Springer International Publishing},
  editor    = {Montasari, Reza},
  urldate   = {2025-01-19},
  date      = {2022},
  langid    = {english},
  doi       = {10.1007/978-3-031-06709-9},
  keywords  = {{AI}},
  file      = {Montasari - 2022 - Artificial Intelligence and National Security.pdf:/Users/Yannick/Zotero/storage/2C6KT2NN/Montasari - 2022 - Artificial Intelligence and National Security.pdf:application/pdf}
}

@online{noauthor_whats_nodate,
  title      = {What's the difference between Misinformation and Disinformation?},
  url        = {https://insights.taylorandfrancis.com/social-justice/misinformation-vs-disinformation/},
  abstract   = {Find out the differences between misinformation and disinformation, and related concepts including fake news, propaganda, malinformation, and conspiracy theories.},
  titleaddon = {Insights - Taylor \& Francis},
  urldate    = {2025-03-18},
  langid     = {american},
  keywords   = {Definition, Disinformation},
  file       = {Snapshot:/Users/Yannick/Zotero/storage/TLLR6HYR/misinformation-vs-disinformation.html:text/html}
}

@collection{oehmer-pedrazzi_standardisierte_2023,
  location   = {Wiesbaden},
  title      = {Standardisierte Inhaltsanalyse in der Kommunikationswissenschaft – Standardized Content Analysis in Communication Research: Ein Handbuch – A Handbook},
  isbn       = {978-3-658-36179-2},
  url        = {https://link.springer.com/10.1007/978-3-658-36179-2},
  shorttitle = {Standardisierte Inhaltsanalyse in der Kommunikationswissenschaft – Standardized Content Analysis in Communication Research},
  publisher  = {Springer Fachmedien Wiesbaden},
  editor     = {Oehmer-Pedrazzi, Franziska and Kessler, Sabrina Heike and Humprecht, Edda and Sommer, Katharina and Castro, Laia},
  urldate    = {2023-12-09},
  date       = {2023},
  langid     = {english},
  doi        = {10.1007/978-3-658-36179-2},
  keywords   = {Content Analysis, Method},
  file       = {Oehmer-Pedrazzi et al. - 2023 - Standardisierte Inhaltsanalyse in der Kommunikatio.pdf:/Users/Yannick/Zotero/storage/L37C87LK/Oehmer-Pedrazzi et al. - 2023 - Standardisierte Inhaltsanalyse in der Kommunikatio.pdf:application/pdf}
}

@article{pennycook_lazy_2019,
  title        = {Lazy, not biased: Susceptibility to partisan fake news is better explained by lack of reasoning than by motivated reasoning},
  volume       = {188},
  issn         = {0010-0277},
  url          = {https://www.sciencedirect.com/science/article/pii/S001002771830163X},
  doi          = {10.1016/j.cognition.2018.06.011},
  series       = {The Cognitive Science of Political Thought},
  shorttitle   = {Lazy, not biased},
  abstract     = {Why do people believe blatantly inaccurate news headlines (“fake news”)? Do we use our reasoning abilities to convince ourselves that statements that align with our ideology are true, or does reasoning allow us to effectively differentiate fake from real regardless of political ideology? Here we test these competing accounts in two studies (total N = 3446 Mechanical Turk workers) by using the Cognitive Reflection Test ({CRT}) as a measure of the propensity to engage in analytical reasoning. We find that {CRT} performance is negatively correlated with the perceived accuracy of fake news, and positively correlated with the ability to discern fake news from real news – even for headlines that align with individuals’ political ideology. Moreover, overall discernment was actually better for ideologically aligned headlines than for misaligned headlines. Finally, a headline-level analysis finds that {CRT} is negatively correlated with perceived accuracy of relatively implausible (primarily fake) headlines, and positively correlated with perceived accuracy of relatively plausible (primarily real) headlines. In contrast, the correlation between {CRT} and perceived accuracy is unrelated to how closely the headline aligns with the participant’s ideology. Thus, we conclude that analytic thinking is used to assess the plausibility of headlines, regardless of whether the stories are consistent or inconsistent with one’s political ideology. Our findings therefore suggest that susceptibility to fake news is driven more by lazy thinking than it is by partisan bias per se – a finding that opens potential avenues for fighting fake news.},
  pages        = {39--50},
  journaltitle = {Cognition},
  shortjournal = {Cognition},
  author       = {Pennycook, Gordon and Rand, David G.},
  urldate      = {2025-03-20},
  date         = {2019-07-01},
  keywords     = {Social network, Political Decision Making, Media Literacy, Theory, Reception/Affection, Disinformation},
  annotation   = {
                  
                  Why people believe disinformation, even if blandly wrong or stupid
                  
                  
                  },
  file         = {PDF:/Users/Yannick/Zotero/storage/N4H6LGJN/Pennycook and Rand - 2019 - Lazy, not biased Susceptibility to partisan fake news is better explained by lack of reasoning than.pdf:application/pdf;ScienceDirect Snapshot:/Users/Yannick/Zotero/storage/EJ5AAUYT/S001002771830163X.html:text/html}
}

@article{pincus_multimedia_2017,
  title        = {Do Multimedia Matter? Cognitive and Affective Effects of Embedded Multimedia Journalism},
  volume       = {94},
  issn         = {1077-6990},
  url          = {https://doi.org/10.1177/1077699016654679},
  doi          = {10.1177/1077699016654679},
  shorttitle   = {Do Multimedia Matter?},
  abstract     = {With the increase of online journalism, embedded multimedia stories have become more popular. Yet, little is known about the cognitive and affective effects this journalistic format may have on the audience. This experimental study compares the effects of embedded multimedia, traditional multimedia, and text-only format on readers’ knowledge gain, emotional reactions, and narrative transportation. Overall, the effects are substantially less pronounced than expected. The audiences’ emotional reactions and narrative transportation do not depend on modality, whereas knowledge gain is slightly decreased by multimodality. The theoretical, practical, and methodological implications of these limited effects are discussed.},
  pages        = {747--771},
  number       = {3},
  journaltitle = {Journalism \& Mass Communication Quarterly},
  author       = {Pincus, Hanna and Wojcieszak, Magdalena and Boomgarden, Hajo},
  urldate      = {2025-03-14},
  date         = {2017-09-01},
  note         = {Publisher: {SAGE} Publications Inc},
  keywords     = {Project},
  file         = {Pincus et al. - 2017 - Do Multimedia Matter Cognitive and Affective Effe.pdf:/Users/Yannick/Zotero/storage/W37T94Y7/Pincus et al. - 2017 - Do Multimedia Matter Cognitive and Affective Effe.pdf:application/pdf}
}

@online{politools__political_research_network_newstest_nodate,
  title      = {Newstest Schweiz • Mach den digitalen Medienkompetenztest!},
  url        = {https://newstest.ch/},
  abstract   = {Wie gut bist du im Umgang mit Nachrichten im Internet?},
  titleaddon = {newstest.ch},
  author     = {{Politools – Political Research Network}},
  urldate    = {2025-02-25},
  langid     = {german},
  keywords   = {Project},
  file       = {Newstest_Unterricht_PPP_DE_2.pptx:/Users/Yannick/Zotero/storage/YLQ92NPE/Newstest_Unterricht_PPP_DE_2.pptx:application/vnd.openxmlformats-officedocument.presentationml.presentation;Snapshot:/Users/Yannick/Zotero/storage/UPM6KUS5/newstest.ch.html:text/html}
}

@incollection{reismann_qualitative_2019,
  location  = {Wiesbaden},
  title     = {Qualitative Methoden der Analyse von Bildhandeln und Bildaneignung},
  isbn      = {978-3-658-06508-9},
  url       = {https://doi.org/10.1007/978-3-658-06508-9_28},
  abstract  = {Im Fokus dieses Beitrags stehen Instrumente und Verfahren der Erhebung und Auswertung zur Analyse von Bildhandeln und Bildaneignung. Dabei werden klassische Verfahren und Untersuchungsfelder der Visuellen Kommunikationsforschung um Phänomene multimodaler Alltagswelten und digitaler Bildpraktiken erweitert. Plädiert wird für handlungstheoretische, wissenssoziologische sowie praxeologische Herangehensweisen, die die Bedeutung, sozialen Kontexte, subjektiven Sinnzuschreibungen sowie gesellschaftlichen Sinnzusammenhänge der Bilder, des Bildhandelns und der Bildaneignung umfassen.},
  pages     = {547--569},
  booktitle = {Handbuch Visuelle Kommunikationsforschung},
  publisher = {Springer Fachmedien},
  author    = {Reißmann, Wolfgang and Hoffmann, Dagmar},
  editor    = {Lobinger, Katharina},
  urldate   = {2025-03-24},
  date      = {2019},
  langid    = {german},
  doi       = {10.1007/978-3-658-06508-9_28},
  keywords  = {Content Analysis, Method, Reception/Affection},
  file      = {Full Text PDF:/Users/Yannick/Zotero/storage/65Z7ZHD2/Reißmann and Hoffmann - 2019 - Qualitative Methoden der Analyse von Bildhandeln und Bildaneignung.pdf:application/pdf}
}

@incollection{reuter_fake_2019,
  location  = {Darmstadt},
  title     = {Fake News und manipulierte Meinungsbildung},
  volume    = {5},
  rights    = {Creative Commons Attribution 4.0 International},
  url       = {https://tuprints.ulb.tu-darmstadt.de/id/eprint/20852},
  series    = {Science Policy Papers},
  abstract  = {Konsequentes Vorgehen von Behörden gegen gezielte Falschnachrichten – das wünscht sich laut einer repräsentativen Studie eine große Mehrheit der Bevölkerung in Deutschland. Das Fachgebiet Wissenschaft und Technik für Frieden und Sicherheit ({PEASEC}) der Technischen Universität Darmstadt fragte unter anderem danach, wie Bürgerinnen und Bürger Fake News wahrnehmen und auf sie reagieren und welche Gegenmaßnahmen als sinnvoll erachtet werden.},
  booktitle = {Die Digitalisierung der Kommunikation: Gesellschaftliche Trends und der Wandel von Organisationen},
  publisher = {Mercator Science-Policy Fellowship-Programm},
  author    = {Reuter, Christian},
  urldate   = {2024-10-08},
  date      = {2019},
  doi       = {10.26083/TUPRINTS-00020852},
  file      = {Reuter - 2022 - Fake News und manipulierte Meinungsbildung.pdf:/Users/Yannick/Zotero/storage/IZP4GIXZ/Reuter - 2022 - Fake News und manipulierte Meinungsbildung.pdf:application/pdf}
}

@article{russell_circumplex_1980,
  title        = {A circumplex model of affect.},
  volume       = {39},
  issn         = {1939-1315, 0022-3514},
  url          = {https://doi.apa.org/doi/10.1037/h0077714},
  doi          = {10.1037/h0077714},
  pages        = {1161--1178},
  number       = {6},
  journaltitle = {Journal of Personality and Social Psychology},
  shortjournal = {Journal of Personality and Social Psychology},
  author       = {Russell, James A.},
  urldate      = {2025-03-03},
  date         = {1980-12},
  langid       = {english},
  keywords     = {Tools, Method, Reception/Affection},
  annotation   = {
                  
                  Model of six basic emotions, cited in (Wang and Ji, 2015)
                  
                  
                  },
  file         = {Russell - 1980 - A circumplex model of affect..pdf:/Users/Yannick/Zotero/storage/CU4ME284/Russell - 1980 - A circumplex model of affect..pdf:application/pdf}
}

@misc{sager_politische_2017,
  location  = {Zürich: {NZZ} Verlag},
  title     = {Das politische System der Schweiz und seine Kontaktpunkte zur Evaluation},
  url       = {https://www.ipw.unibe.ch/e39849/e49015/e627943/e627944/Das_politische_System_der_Schweiz_und_se_ger.pdf},
  series    = {“Politik und Gesellschaft in der Schweiz”},
  publisher = {Evaluation im politischen System der Schweiz – Entwicklung, Bedeutung und Wechselwirkungen.},
  author    = {Sager, Fritz and Künzler, Johanna and Lutz, Philipp},
  editor    = {Sager, Fritz and Widmer, Thomas and Balthasar, Andreas},
  urldate   = {2025-03-13},
  date      = {2017},
  langid    = {german},
  note      = {S. 23-48},
  keywords  = {Relevance, Theory},
  file      = {Das_politische_System_der_Schweiz_und_se_ger.pdf:/Users/Yannick/Zotero/storage/89HS7REH/Das_politische_System_der_Schweiz_und_se_ger.pdf:application/pdf}
}

@thesis{sammer_fake_2021,
  location    = {Graz},
  title       = {Fake News : eine Gefahr für die Demokratie? : Wie wir Fake News erkennen, vermeiden und gut mit ihnen umgehen können},
  url         = {https://unipub.uni-graz.at//obvugrhs/7901964},
  abstract    = {In der Masterarbeit wird zu Beginn eine angemessene Definition für Fake News gesucht, indem die Falschnachrichten zu anderen Äußerungsakten wie zum Beispiel Bullshit, Satire, Verschwörungstheorien und weiteren Phänomenen abgegrenzt werden. Es stellt sich heraus, dass Fake News eine Form von Nachrichten sind, die als solche erscheinen und so konzipiert sind, um Menschen gezielt in die Irre zu führen oder sie zu täuschen. Dabei wird die Meinung zu aktuellen Geschehnissen beeinflusst. Ich komme zum Schluss, dass Fake News kein neues Phänomen sind, sondern sich ihre Dimension geändert hat. Die Auswirkungen auf die Politik, unser Zusammenleben in einer Demokratie und auf die Individuen werden diskutiert. Dabei wird auf die freie Meinungsäußerung eingegangen und argumentiert, dass diese eingeschränkt werden sollte, wenn dadurch ein größerer Schaden vermieden werden kann. Es zeigt sich, dass Fake News zu einer Gefahr für eine Demokratie werden kann. Probleme wie Wahlmanipulation und Polarisierung werden diskutiert. Im letzten Teil der Arbeit werden bereits getroffene Maßnahmen und Lösungswege, um Fake News einzudämmen, vorgestellt. Zum Schluss plädiere ich für mehr Aufklärungsarbeit und Schlage eine „Internetpolizei“ vor. Eine wichtige Erkenntnis in der Arbeit ist, dass die Philosophie uns beim Erkennen von Fake News unterstützen kann, da sie das kritische Denken und die Reflexionsfähigkeit fördert. Als positiven Ausblick wird zum Schluss erläutert, dass die digitalen Medien noch viel Gestaltungsraum bieten, denn wir in Zukunft weiter ausgestalten können.},
  pagetotal   = {91},
  institution = {Karl-Franzens-Universität Graz},
  type        = {Master's Thesis},
  author      = {Sammer, Theresa},
  urldate     = {2024-09-25},
  date        = {2021},
  langid      = {german},
  note        = {urn:nbn:at:at-ubg:1-179076},
  file        = {Fake News \: eine Gefahr für die Demokratie? \: Wie wir Fake News erkennen, vermeiden und gut mit ihnen umgehen können.pdf:/Users/Yannick/Zotero/storage/PQZSLSGT/Fake News  eine Gefahr für die Demokratie  Wie wir Fake News erkennen, vermeiden und gut mit ihnen umgehen können.pdf:application/pdf}
}

@incollection{schmidt_meinungsbildung_2022,
  location  = {Wiesbaden},
  title     = {Meinungsbildung in und mit sozialen Medien},
  rights    = {https://www.springernature.com/gp/researchers/text-and-data-mining},
  isbn      = {978-3-658-25995-2},
  url       = {https://link.springer.com/10.1007/978-3-658-25995-2},
  pages     = {213--231},
  booktitle = {Handbuch Soziale Medien},
  publisher = {Springer Fachmedien Wiesbaden},
  author    = {Stark, Birgit and Magin, Melanie and Geiß, Stefan},
  editor    = {Schmidt, Jan-Hinrik and Taddicken, Monika},
  urldate   = {2024-11-04},
  date      = {2022},
  langid    = {german},
  doi       = {10.1007/978-3-658-25995-2},
  keywords  = {Theory},
  file      = {Schmidt and Taddicken - 2022 - Handbuch Soziale Medien.pdf:/Users/Yannick/Zotero/storage/A84ZD6HA/Schmidt and Taddicken - 2022 - Handbuch Soziale Medien.pdf:application/pdf}
}

@article{schwartz_data-driven_2015,
  title        = {Data-Driven Content Analysis of Social Media: A Systematic Overview of Automated Methods},
  volume       = {659},
  issn         = {0002-7162, 1552-3349},
  url          = {https://journals.sagepub.com/doi/10.1177/0002716215569197},
  doi          = {10.1177/0002716215569197},
  shorttitle   = {Data-Driven Content Analysis of Social Media},
  abstract     = {Researchers have long measured people’s thoughts, feelings, and personalities using carefully designed survey questions, which are often given to a relatively small number of volunteers. The proliferation of social media, such as Twitter and Facebook, offers alternative measurement approaches: automatic content coding at unprecedented scales and the statistical power to do open-vocabulary exploratory analysis. We describe a range of automatic and partially automatic content analysis techniques and illustrate how their use on social media generates insights into subjective well-being, health, gender differences, and personality.},
  pages        = {78--94},
  number       = {1},
  journaltitle = {The {ANNALS} of the American Academy of Political and Social Science},
  shortjournal = {The {ANNALS} of the American Academy of Political and Social Science},
  author       = {Schwartz, H. Andrew and Ungar, Lyle H.},
  urldate      = {2025-01-27},
  date         = {2015-05},
  langid       = {english},
  keywords     = {Computational method, Social network, Content Analysis, Method},
  file         = {Schwartz and Ungar - 2015 - Data-Driven Content Analysis of Social Media A Sy.pdf:/Users/Yannick/Zotero/storage/AJKKF8E5/Schwartz and Ungar - 2015 - Data-Driven Content Analysis of Social Media A Sy.pdf:application/pdf}
}

@online{swisscom_swisscom_nodate,
  title    = {Swisscom Campus - Was tun gegen Fake News und Falschmeldungen?},
  url      = {https://www.swisscom.ch/de/about/nachhaltigkeit/swisscom-campus/ratgeber-fake-news.html},
  abstract = {Erfahren Sie, wie Sie Fake News identifizieren und verstehen können. Beispiele und Tipps für ein informiertes Online-Erlebnis.},
  author   = {{Swisscom}},
  urldate  = {2025-02-25},
  langid   = {german},
  keywords = {Project},
  file     = {Snapshot:/Users/Yannick/Zotero/storage/MY6K8M7L/ratgeber-fake-news.html:text/html}
}

@article{tandoc_jr_defining_2018,
  title        = {Defining “Fake News”: A typology of scholarly definitions},
  volume       = {6},
  issn         = {2167-0811, 2167-082X},
  url          = {https://www.tandfonline.com/doi/full/10.1080/21670811.2017.1360143},
  doi          = {10.1080/21670811.2017.1360143},
  shorttitle   = {Defining “Fake News”},
  pages        = {137--153},
  number       = {2},
  journaltitle = {Digital Journalism},
  shortjournal = {Digital Journalism},
  author       = {Tandoc Jr., Edson C. and Lim, Zheng Wei and Ling, Richard},
  urldate      = {2024-12-05},
  date         = {2018-02-07},
  langid       = {english},
  keywords     = {Social network, Definition, Theory, Disinformation},
  file         = {Tandoc et al. - 2018 - Defining “Fake News” A typology of scholarly defi.pdf:/Users/Yannick/Zotero/storage/QCDUA9UE/Tandoc et al. - 2018 - Defining “Fake News” A typology of scholarly defi.pdf:application/pdf}
}

@article{tandoc_jr_facts_2019,
  title        = {The facts of fake news: A research review},
  volume       = {13},
  issn         = {1751-9020},
  url          = {https://onlinelibrary.wiley.com/doi/abs/10.1111/soc4.12724},
  doi          = {10.1111/soc4.12724},
  shorttitle   = {The facts of fake news},
  abstract     = {This article offers a review of scholarly research on the phenomenon of fake news. Most studies have so far focused on three main themes: the definition and the scope of the problem; the potential causes; and the impact of proposed solutions. First, scholarly research has defined fake news as a form of falsehood intended to primarily deceive people by mimicking the look and feel of real news. While initial research has shown that only a small fraction of the online audience is exposed to fake news, for this small group of individuals, the impact of fake news can be quite substantial. Second, studies have identified cognitive processes that make individuals more prone to the influence of fake news, such as confirmation bias, selective exposure, and lack of analytical thinking. Fake news also derives its power from its appeal to partisanship, perceived novelty, and repeated exposure facilitated by both bots and human users that share them in the online sphere. Finally, while fact checking has also risen in response to fake news, studies have found that corrections to wrong information only work on some individuals.},
  pages        = {e12724},
  number       = {9},
  journaltitle = {Sociology Compass},
  author       = {Tandoc Jr., Edson C.},
  urldate      = {2025-03-13},
  date         = {2019},
  langid       = {english},
  note         = {\_eprint: https://onlinelibrary.wiley.com/doi/pdf/10.1111/soc4.12724},
  keywords     = {Fact checking, Theory, Disinformation},
  annotation   = {e12724 {SOCO}-1481.R1},
  file         = {Full Text PDF:/Users/Yannick/Zotero/storage/6FNRS32H/Tandoc Jr. - 2019 - The facts of fake news A research review.pdf:application/pdf;Snapshot:/Users/Yannick/Zotero/storage/5FKWRFFY/soc4.html:text/html}
}

@article{teetz_social-media-post_2023,
  title        = {„Ein Social-Media-Post ist kein Projektil“ – Konzeptionelle Herausforderungen durch Desinformation},
  volume       = {16},
  issn         = {1866-2188, 1866-2196},
  url          = {https://link.springer.com/10.1007/s12399-023-00937-9},
  doi          = {10.1007/s12399-023-00937-9},
  abstract     = {The security policy paradigm of “hybrid threats” counts disinformation activities towards the different weapons of international “grey zone conﬂicts”, positioning them below the threshold of armed attacks. Democratic states are thus caught in the paradox of defending the public sphere – the ground upon which will and opinion form and develop – against hostile interventions without interfering in constitutive freedoms. This poses new conceptual challenges for state security.},
  pages        = {13--29},
  number       = {1},
  journaltitle = {Zeitschrift für Außen- und Sicherheitspolitik},
  shortjournal = {Z Außen Sicherheitspolit},
  author       = {Teetz, Adrian},
  urldate      = {2024-11-14},
  date         = {2023-03},
  langid       = {german},
  keywords     = {Media Literacy},
  file         = {Teetz - 2023 - „Ein Social-Media-Post ist kein Projektil“ – Konze.pdf:/Users/Yannick/Zotero/storage/LZLRBN9Z/Teetz - 2023 - „Ein Social-Media-Post ist kein Projektil“ – Konze.pdf:application/pdf}
}

@article{teixeira_emotion-induced_2012,
  title        = {Emotion-Induced Engagement in Internet Video Advertisements},
  volume       = {49},
  issn         = {0022-2437, 1547-7193},
  url          = {https://journals.sagepub.com/doi/10.1509/jmr.10.0207},
  doi          = {10.1509/jmr.10.0207},
  abstract     = {This study shows how advertisers can leverage emotion and attention to engage consumers in watching Internet video advertisements. In a controlled experiment, the authors assessed joy and surprise through automated facial expression detection for a sample of advertisements. They assessed concentration of attention through eye tracking and viewer retention by recording zapping behavior. This allows tests of predictions about the interplay of these emotions and interperson attention differences at each point in time during exposure. Surprise and joy effectively concentrate attention and retain viewers. However, importantly, the level rather than the velocity of surprise affects attention concentration most, whereas the velocity rather than the level of joy affects viewer retention most. The effect of joy is asymmetric, with higher gains for increases than losses for decreases. Using these findings, the authors develop representative emotion trajectories to support ad design and testing.},
  pages        = {144--159},
  number       = {2},
  journaltitle = {Journal of Marketing Research},
  shortjournal = {Journal of Marketing Research},
  author       = {Teixeira, Thales and Wedel, Michel and Pieters, Rik},
  urldate      = {2025-03-13},
  date         = {2012-04},
  langid       = {english},
  keywords     = {Media Literacy, Theory, Reception/Affection, Video retention \& arousal},
  file         = {Emotion-Induced Engagement in Internet Video Adver.pdf:/Users/Yannick/Zotero/storage/E3TDASQR/Emotion-Induced Engagement in Internet Video Adver.pdf:application/pdf;Snapshot:/Users/Yannick/Zotero/storage/PS7X2TD5/jmr.10.html:text/html}
}

@incollection{viergever_image_2001,
  location    = {Dordrecht},
  title       = {Image Content Analysis and Description},
  volume      = {22},
  isbn        = {978-90-481-5863-8 978-94-015-9664-0},
  url         = {http://link.springer.com/10.1007/978-94-015-9664-0_1},
  series      = {Computational Imaging and Vision},
  abstract    = {In this chapter the task of representing, describing, and analyzing visual information is discussed, in the context of image retrieval by content. initially some basic specifications of the problem are presented and a classification of visual features, in a way compatible with human visual perception, is proposed. Through thls discussion, it is realized that scale is an important attribute of visual content and a central issue in its description. Thus, a significant part of this chapter is devoted to the estimation and representation of primitive image content at different scales and a generic framework for this purpose is introduced. Finally, tlus chapter briefly considers he problem of how to derive and match descriptions of the visual content of an image in a perceptually correct manner.},
  pages       = {1--19},
  booktitle   = {State-of-the-Art in Content-Based Image and Video Retrieval},
  publisher   = {Springer Netherlands},
  author      = {Zabulis, Xenophon and Orphanoudakis, Stelios C.},
  editor      = {Veltkamp, Remco C. and Burkhardt, Hans and Kriegel, Hans-Peter},
  editorb     = {Viergever, Max A.},
  editorbtype = {redactor},
  urldate     = {2025-03-03},
  date        = {2001},
  langid      = {english},
  doi         = {10.1007/978-94-015-9664-0_1},
  keywords    = {Computational method, Content Analysis, Method},
  annotation  = {Techical approach to visual content analyis (e.g. how to discern the content of the specific image)
                 },
  file        = {Zabulis and Orphanoudakis - 2001 - Image Content Analysis and Description.pdf:/Users/Yannick/Zotero/storage/GR55T5JA/Zabulis and Orphanoudakis - 2001 - Image Content Analysis and Description.pdf:application/pdf}
}

@incollection{vogler_wahrnehmung_2021,
  location  = {Basel},
  title     = {Wahrnehmung von Desinformation in der Schweiz},
  isbn      = {978-3-7965-4432-3},
  url       = {https://www.zora.uzh.ch/id/eprint/209628/1/Vogler_Schwaiger_Rauchfleisch_Wahrnehmung_von_Desinformation_in_der_Schweiz.pdf},
  series    = {fög – Forschungszentrum Öffentlichkeit und Gesellschaft / Universität Zürich. Jahrbuch Qualität der Medien 2021},
  abstract  = {Absichtlich verbreitete Falschinformationen, kurz als «Desinformation» bezeichnet, sind ein ernst zu nehmendes Problem für die Gesellschaft. Sie sind eine grosse Herausforderung für Demokratien und damit auch
               für den Informationsjournalismus. Vor allem über Social-Media-Plattformen und Messenger-Dienste können
               sich desinformative Inhalte rasch und an eine grosse Anzahl von Nutzer:innen verbreiten. Die vorliegende
               Studie fragt vor diesem Hintergrund, inwiefern Menschen in der Schweiz Desinformation als Problem wahrnehmen, welche Kanäle und Urheber:innen sie als Ursprung von Desinformation identifizieren und wie sie
               mit desinformativen Inhalten umgehen. Dazu wurde eine repräsentative Befragung von erwachsenen Personen in der Schweiz durchgeführt. Insgesamt zeigen die Resultate in Bezug auf die Problemwahrnehmung ein
               ambivalentes Bild: Einerseits schätzt fast die Hälfte der Befragten (49\%) Desinformation als ein grosses oder
               sehr grosses Problem ein. Andererseits beurteilt eine knappe Mehrheit (51\%) das Problem als nicht besonders gefährlich. Menschen in der Schweiz stossen nach eigenen Angaben vor allem in den sozialen Medien
               (62\%), in Messenger-Apps (28\%) und in alternativen Medien (39\%) auf Falschinformationen. Professionelle
               Informationsmedien – allen voran Radio (5\%), gedruckte Zeitungen (11\%) und Fernsehen (13\%) – werden
               hingegen deutlich weniger als Quellen von desinformativen Inhalten bezeichnet. Nach den konkreten Schäden befragt, die Desinformation nach sich ziehen kann, werden die Bewältigung von Krisen und das Vertrauen in die Medien und die Politik als die anfälligsten Bereiche genannt. Zudem zeigt die Studie, dass sich
               die Bevölkerung in der Schweiz im Umgang mit Falschinformationen überwiegend als kompetent einschätzt.
               Um potenzielle Falschinformationen zu prüfen, nutzen die Befragten vornehmlich die Seiten von Bund und
               Behörden, von journalistischen Medien sowie Google. Bei identifizierten Falschinformationen reagieren sie
               gemäss Selbstauskunft häufig mit einem aufklärenden Verhalten, beispielsweise, indem sie ihr Umfeld informieren oder indem sie die Quelle von Desinformation blockieren. Zusammengefasst zeigt sich, dass die Menschen in der Schweiz dem Thema Desinformation aktuell eine erhöhte Aufmerksamkeit schenken. Das ist
               eine Chance, um die Bevölkerung für die Problematik weiter zu sensibilisieren und einen kritischen Umgang
               mit desinformativen Inhalten und Quellen zu fördern.},
  pages     = {25--36},
  booktitle = {Jahrbuch Qualität der Medien 2021},
  publisher = {Schwabe Verlag},
  author    = {Vogler, Daniel and Schwaiger, Lisa and Rauchfleisch, Adrian and Marschlich, Sarah and Siegen, Dario and Udris, Linards and Eisenegger, Mark and Schneider, Jörg},
  urldate   = {2025-03-13},
  date      = {2021},
  langid    = {german},
  note      = {https://doi.org/10.5167/uzh-209628},
  keywords  = {Disinformation, Political Decision Making, Relevance, Theory},
  file      = {Vogler et al. - 2021 - Wahrnehmung von Desinformation in der Schweiz.pdf:/Users/Yannick/Zotero/storage/LWXUI5VZ/Vogler et al. - 2021 - Wahrnehmung von Desinformation in der Schweiz.pdf:application/pdf}
}

@incollection{wahl_fake_2021,
  location   = {Weinheim Basel},
  edition    = {1. Auflage},
  title      = {Fake News als Herausforderung für die politische Bildung},
  isbn       = {978-3-7799-5765-2},
  url        = {https://library.oapen.org/bitstream/handle/20.500.12657/87235/1/9783779957652.pdf#page=165},
  abstract   = {Der Beitrag thematisiert mit den Fake News ein Phänomen des Digitalen, das
                nicht nur (erziehungs-)wissenschaftlich, sondern auch für Politik und Öffentlich-
                keit von Interesse ist. Dabei wird der Fokus auf die Herausforderungen gelegt, die
                sich mit der Radikalisierung der aufmerksamkeitsökonomischen Logiken durch
                Soziale Medien insbesondere für die politische Bildung stellen. Hier erscheint
                ein Subjektbegriff als Desiderat, der vor allem die Dimensionen einer affektiven,
                technosozial formierten Subjektivität stärker berücksichtigt.},
  pages      = {164--178},
  booktitle  = {Pädagogik, Soziale Arbeit und Digitalität: = Education, social work and digitality},
  publisher  = {Beltz Juventa},
  author     = {Schenk, Sabrina},
  editor     = {Wahl, Johannes and Schell-Kiehl, Ines and Damberger, Thomas},
  urldate    = {2024-10-08},
  date       = {2021},
  keywords   = {Disinformation, Political Decision Making, Reception/Affection, Social network},
  annotation = {Literaturangaben},
  file       = {Fake News als Herausforderung der politischen Bild.pdf:/Users/Yannick/Zotero/storage/KNHHV2A5/Fake News als Herausforderung der politischen Bild.pdf:application/pdf;Table of Contents PDF:/Users/Yannick/Zotero/storage/Z9UUUXBT/Wahl et al. - 2021 - Pädagogik, Soziale Arbeit und Digitalität = Educa.pdf:application/pdf}
}

@report{waller_jamesfocus_2019,
  location    = {Zürich},
  title       = {{JAMESfocus} 2019 - News und Fake News},
  rights      = {{ZHAW} Zürcher Hochschule für Angewandte Wissenschaften – Departement Angewandte Psychologie},
  url         = {https://www.zhaw.ch/storage/psychologie/upload/forschung/medienpsychologie/james/jamesfocus/2019/JAMESfocus_News_und_Fake_News_de.pdf},
  institution = {{ZHAW} Zürcher Hochschule für Angewandte Wissenschaften – Departement Angewandte Psychologie},
  author      = {Waller, Gregor and Külling, Céline and Bernath, Jael and Suter, Lilian and Willemse, Isabel and Süss, Daniel},
  urldate     = {2024-09-25},
  date        = {2019},
  langid      = {german},
  note        = {Publisher: {ZHAW} Zürcher Hochschule für Angewandte Wissenschaften
                 Departement Angewandte Psychologie},
  keywords    = {Media Literacy},
  file        = {Waller - 2019 - JAMESfocus 2019 - News und Fake News.pdf:/Users/Yannick/Zotero/storage/R2IYSX6W/Waller - 2019 - JAMESfocus 2019 - News und Fake News.pdf:application/pdf}
}

@article{wang_video_2015,
  title        = {Video Affective Content Analysis: A Survey of State-of-the-Art Methods},
  volume       = {6},
  rights       = {https://ieeexplore.ieee.org/Xplorehelp/downloads/license-information/{IEEE}.html},
  issn         = {1949-3045},
  url          = {http://ieeexplore.ieee.org/document/7106468/},
  doi          = {10.1109/TAFFC.2015.2432791},
  shorttitle   = {Video Affective Content Analysis},
  abstract     = {Video affective content analysis has been an active research area in recent decades, since emotion is an important component in the classiﬁcation and retrieval of videos. Video affective content analysis can be divided into two approaches: direct and implicit. Direct approaches infer the affective content of videos directly from related audiovisual features. Implicit approaches, on the other hand, detect affective content from videos based on an automatic analysis of a user’s spontaneous response while consuming the videos. This paper ﬁrst proposes a general framework for video affective content analysis, which includes video content, emotional descriptors, and users’ spontaneous nonverbal responses, as well as the relationships between the three. Then, we survey current research in both direct and implicit video affective content analysis, with a focus on direct video affective content analysis. Lastly, we identify several challenges in this ﬁeld and put forward recommendations for future research.},
  pages        = {410--430},
  number       = {4},
  journaltitle = {{IEEE} Transactions on Affective Computing},
  shortjournal = {{IEEE} Trans. Affective Comput.},
  author       = {Wang, Shangfei and Ji, Qiang},
  urldate      = {2025-02-26},
  date         = {2015-10-01},
  langid       = {english},
  keywords     = {Tools, Computational method, Content Analysis, Theory, Method, Reception/Affection},
  file         = {Wang and Ji - 2015 - Video Affective Content Analysis A Survey of Stat.pdf:/Users/Yannick/Zotero/storage/VBIR7T4V/Wang and Ji - 2015 - Video Affective Content Analysis A Survey of Stat.pdf:application/pdf}
}

@online{we_are_social_anteil_2024,
  title      = {Anteil der aktiven Social-Media-Nutzer an der Bevölkerung in ausgewählten Ländern in Europa im Januar 2024 [Graph]},
  url        = {https://de.statista.com/statistik/daten/studie/209186/umfrage/zugriff-auf-social-media-via-mobiler-endgeraete-in-ausgewaehlten-laendern/},
  abstract   = {Im Januar 2024 lag der Anteil der aktiven Social-Media-Nutzer an der Bevölkerung in Deutschland bei rund 81,4 Prozent. Damit liegt die Bundesrepublik noch hinter europäischen Ländern wie Spanien (83,6 Prozent) oder Norwegen (81,7 Prozent). In Polen ist der Anteil der aktiven Social-Media-Nutzer an der Bevölkerung mit rund 68,8 Prozent vergleichsweise gering.},
  titleaddon = {Statista},
  author     = {{We Are Social} and {DataReportal} and {Meltwater}},
  urldate    = {2024-12-04},
  date       = {2024-01-31},
  langid     = {german},
  keywords   = {Theory},
  annotation = {We Are Social, \& {DataReportal}, \& Meltwater. (31. Januar, 2024). Anteil der aktiven Social-Media-Nutzer an der Bevölkerung in ausgewählten Ländern in Europa im Januar 2024 [Graph]. In Statista. Zugriff am 04. Dezember 2024, von https://de.statista.com/statistik/daten/studie/209186/umfrage/zugriff-auf-social-media-via-mobiler-endgeraete-in-ausgewaehlten-laendern/
                },
  file       = {Snapshot:/Users/Yannick/Zotero/storage/GCCHZQDF/zugriff-auf-social-media-via-mobiler-endgeraete-in-ausgewaehlten-laendern.html:text/html;study_id24564_mediennutzung-in-europa-statista-dossier.pdf:/Users/Yannick/Zotero/storage/N283ZZXA/study_id24564_mediennutzung-in-europa-statista-dossier.pdf:application/pdf}
}

@incollection{wilson_content_2022,
  location  = {Brandeis University, Massachusetts},
  edition   = {1},
  title     = {Content Analysis of Social Media Data},
  rights    = {https://www.cambridge.org/core/terms},
  isbn      = {978-1-108-67756-1 978-1-108-49641-4 978-1-108-73377-9},
  url       = {https://www.cambridge.org/core/product/identifier/9781108677561/type/book},
  abstract  = {Social media has put mass communication in the hands of normal people on an unprecedented scale, and has also given social scientists the tools necessary to listen to the voices of everyday people around the world. This book gives social scientists the skills necessary to leverage that opportunity, and transform social media's vast stream of information into social science data. The book combines the big data techniques of computer science with social science methodology. Intended as a text for advanced undergraduates, graduate students, and researchers in the social sciences, this book provides a methodological pathway for scholars who want to make use of this new and evolving source of data. It provides a framework for building one's own data collection and analysis infrastructure, a toolkit of content analysis, geographic analysis, and network analysis, and meditations on the ethical implications of social media data.},
  booktitle = {Social Media as Social Science Data},
  publisher = {Cambridge University Press},
  author    = {Wilson, Steven Lloyd},
  urldate   = {2025-01-27},
  date      = {2022-11-30},
  langid    = {english},
  doi       = {10.1017/9781108677561},
  keywords  = {Computational method, Social network, Content Analysis, Method},
  file      = {1 why_social_media_matters_to_the_social_sciences.pdf:/Users/Yannick/Zotero/storage/YGECY4D5/1 why_social_media_matters_to_the_social_sciences.pdf:application/pdf;2 getting-started-with-social-media-data.pdf:/Users/Yannick/Zotero/storage/3AE5Z97K/2 getting-started-with-social-media-data.pdf:application/pdf;3 Content Analysis of Social Media Data.pdf:/Users/Yannick/Zotero/storage/LNN3UHEG/3 Content Analysis of Social Media Data.pdf:application/pdf}
}

@online{wong_almost_2016,
  title      = {Almost all the traffic to fake news sites is from Facebook, new data show},
  url        = {https://qz.com/848917/facebook-fb-fake-news-data-from-jumpshot-its-the-biggest-traffic-referrer-to-fake-and-hyperpartisan-news-sites},
  abstract   = {Fake news sites couldn't survive without Facebook referrals.},
  titleaddon = {Quartz},
  author     = {Wong, Joon Ian},
  urldate    = {2025-03-12},
  date       = {2016-11-30},
  langid     = {english},
  keywords   = {Theory},
  file       = {Snapshot:/Users/Yannick/Zotero/storage/PI3DI8G6/facebook-fb-fake-news-data-from-jumpshot-its-the-biggest-traffic-referrer-to-fake-and-hyperpart.html:text/html}
}

@online{wyl_schweizerinnen_2024,
  title      = {Schweizer:innen erkennen Fake News vergleichsweise schlecht, laut {OECD}-Studie},
  url        = {https://www.swissinfo.ch/ger/demokratie/schweizerinnen-erkennen-fake-news-vergleichsweise-schlecht-laut-oecd-studie/87475257},
  shorttitle = {Schweizer},
  abstract   = {Eine {OECD}-Studie untersuchte, wie gut Menschen aus 21 Ländern Falschinformationen im Internet erkennen. Die Schweiz schnitt schlecht ab.},
  titleaddon = {{SWI} swissinfo.ch},
  author     = {Wyl, Benjamin von},
  urldate    = {2025-03-18},
  date       = {2024-09-02},
  langid     = {german},
  keywords   = {Media Literacy, Disinformation},
  file       = {Snapshot:/Users/Yannick/Zotero/storage/6CLZ82T6/87475257.html:text/html}
}

@article{zeng_theoretical_2021,
  title        = {Theoretical typology of deceptive content (Conspiracy Theories)},
  rights       = {Copyright (c) 2021 {DOCA} -  Database of Variables for Content Analysis},
  issn         = {2673-8597},
  url          = {https://www.hope.uzh.ch/doca/article/view/2629},
  doi          = {10.34778/5g},
  abstract     = {The conceptual fuzziness of terms like misinformation, disinformation, rumour, gossip, conspiracy theories has been discussed by various scholars (e.g. {DiFonzo} \&amp; Bordia, 2007; Rojecki \&amp; Meraz, 2016). In both academic research and media reports, it is common to see these terms being used interchangeably. To develop better understanding of how and why different forms of misinformation operate, it is important to clarify the conceptual boundaries between these terms in a meaningful way.\&nbsp;
                  Field of Application/Theoretical foundation:
                  In their social psychology research, {DiFonzo} and Bordia (2007) propose an effective way to differentiate rumour from other terms, which emphasises the content, function, and context of each concept. This three-dimensional framework can be applied to systematically differentiate concepts related to misinformation.\&nbsp;
                  In the field of media and communication studies, as research on digital misinformation continues to grow, it is crucial for researchers to understand the contexts of each concept and choose the appropriate term in accordance with their research agenda. It is worth noting that there are also overlapping dimensions between these concepts. For instance, rumour can contain misinformation, and conspiracy theories can be used for propaganda.
                  Example study:
                  Zeng (2018)
                  Information on Zeng, 2018
                  Author: Jing Zeng\&nbsp;
                  Interest of the study: In her study on online rumours during times of crises, Zeng (2018) applies {DiFonzo} and Bordia’s (2007) framework to differentiate seven seemingly similar concepts: misinformation, disinformation, rumour, gossip, urban legend, propaganda, and conspiracy theories.
                  \&nbsp;
                  Table 1. Summary of main features of seven concepts related to misinformation\&nbsp;
                  
                  
                  
                  
                  \&nbsp;
                  
                  Content
                  
                  
                  Context
                  
                  
                  Function
                  
                  
                  
                  
                  Misinformation
                  
                  
                  Inaccurate information
                  
                  
                  Any circumstances of information circulation.
                  
                  
                  Does not have to have any specific function
                  
                  
                  
                  
                  Gossip
                  
                  
                  Talk about individuals or private behaviour
                  
                  
                  Shared between individuals or in casual social events.
                  
                  
                  Maintaining network, interpersonal relations
                  
                  
                  
                  
                  Urban legend
                  
                  
                  Meaning-making, value-endorsing stories related to contemporary life
                  
                  
                  Casual setting for storytelling.
                  
                  
                  Promote cultural and moral values
                  
                  
                  
                  
                  Disinformation
                  
                  
                  Deliberately deceptive information
                  
                  
                  Disseminated by institutions.
                  
                  
                  Undermine public support
                  
                  
                  
                  
                  Propaganda
                  
                  
                  Messages instrumentally disseminated to promote a political cause
                  
                  
                  Following a top-down pattern, disseminated by official sources.
                  
                  
                  Promote political and ideological values
                  
                  
                  
                  
                  Rumour
                  
                  
                  Unofficial information unverified by authorities
                  
                  
                  Circulated in circumstances of ambiguity, danger or threat.
                  
                  
                  Make sense of an uncertain circumstance
                  
                  
                  
                  
                  Conspiracy theory
                  
                  
                  Proposed explanations of an event or a practice that refer to the machinations of influential people, institutions, or a secret society
                  
                  
                  Emerged in responses to uncertainty and perceived threats posed by a coalition of elites/secret actors, and constructed as ‘alternative’ explanations challenging narratives provided by governments, mainstream media or scientific institutions.
                  
                  
                  Serves as a threat management response, and often also as an anti-establishment/anti-science, political and ideological stance
                  
                  
                  
                  
                  
                  \&nbsp;
                  Misinformation is the most generic one among these terms, in the sense that it does not emphasise the social and political dimension of information. The concept of misinformation is mostly discussed in tandem with information, particularly by Information Science scholars. As a form of information, the defining feature of misinformation is its inaccuracy. Such inaccuracy is not necessarily caused by false information, but can also be caused by irrelevant and incomplete information.
                  Gossip is also a form of unverified information; however, the content is more private, and is mostly circulated in an interpersonal context ({DiFonzo} \&amp; Bordia, 2007; Rojecki \&amp; Meraz, 2016). In terms of function, instead of sense making, gossip is propagated for social purposes. As summarised by Foster (2004), gossip functions to achieve the formation, adaptation, and maintenance of social networks. This is to say, individuals share gossip in the context of managing their relationship with members within their social group. For instance, early literature on gossip associated the practice of gossiping with female social networking. As Rysman (1977) pointed out, one key reason behind the patriarchal criticism on female gossiping is gossip’s ability ‘to develop social ties outside the institution of male dominance’ (p. 176). This personal and interpersonal focus on the concept of gossip is its most distinctive feature.\&nbsp;
                  \&nbsp;
                  Disinformation and propaganda are two very closely related concepts, because they are both disseminated for political purposes (Lewandowsky, Stritzke, \&amp; Freund, 2013). In terms of content, disinformation is deliberately deceptive information that is used to undermine public support of a regime, whereas propaganda is information used to mobilise public support for a political cause or a regime (Rojecki \&amp; Meraz, 2016). The word disinformation originated from ‘dezinformacija’, a Russian term coined in the former Soviet Union (Karlova \&amp; Fisher, 2013). Given the particular cultural and political context in the region at that time, this term was originally closely associated with intelligence operations and political tactics. However, the definition of disinformation has, over time, expanded to include the propagation of misinformation that is non-politically motivated.\&nbsp;
                  Urban legends are contemporary tales that are shared to promote moral and cultural values ({DiFonzo} \&amp; Bordia, 2007). Construed in this way, urban legends are similar to propaganda in the sense that they encode and transmit values, but they are used mythologically rather than strategically. Furthermore, where propaganda emphasises political and ideological values, urban legends focus on cultural and moral values. One key criterion for an urban legend is that it must be grounded in the day-to-day affairs of contemporary life, hence the ‘urban’ in urban legend (Bennett \&amp; Smith, 2013). A classic example of an urban legend is the claim that a tooth left in a glass of Coca Cola can dissolve overnight. This story promotes health messages to avoid excessive consumption of soda drinks. Another case is the tale of a drugged traveller awakening in an ice-filled bathtub, only to discover one of his kidneys has been removed by organ thieves. This tale echoes a classic form of legend that teaches the moral lesson to avoid dangerous situations.\&nbsp;
                  Rumour, in terms of content, is unofficial information – that is, information whose authenticity is not verified by an appeal to authority. By this definition, the defining characteristic of rumour content is not its falsity, but its ‘unofficial’ status and therefore its relationship to social institutions (Fine, 2007). Second, rumour arises in contexts that are ambiguous, threatening or potentially threatening ({DiFonzo} \&amp; Bordia, 2007, p. 20). In such uncertain contexts, rumour functions to make sense of the unknown situation. This may explain why rumour goes hand in hand with crisis events, during which there is often a paucity of information and a state of anxiety among the populace.\&nbsp;
                  Conspiracy theories’ content is proposed explanations of an event or a practice that refer to the machinations of powerful people, institutions, or a secret society (e.g. Coady, 2003; Goertzel, 1994; Keeley, 1999). One distinctive feature of conspiracy theories is its reference to a coordinated group of deliberate actors. For instance, in anti-vaccination conspiracy theories, ‘big pharma’ companies are accused of conspiring with politicians; likewise, flat earthers implicate {NASA} in the plot to keep the truth about the “true nature” of the Earth from the public. Similar to rumour mongering, the context in which conspiracy theories emerge is often one of uncertainty and perceived risks, and conspiracy theorising represents a form of ‘alternative’ collective sensemaking to challenge established narratives provided by the mainstream media and institutions. Therefore, conspiracy theorising is not merely sensemaking, but also has anti-establishment and anti-science undercurrents. Therefore, in terms of function, conspiracy theories serve as (1) a threat management response to ‘secret coalitions’ that are perceived to pose direct threats to the collective well-being, health, and safety of the society (van Prooijen et al., 2018); and (2) a political and ideological stance (Hofstadter, 2012).\&nbsp;
                  \&nbsp;
                  References
                  Bennett, G., \&amp; Smith, P. (2013).\&nbsp;Contemporary legend: A reader. London: Routledge.
                  Coady, D. (2003). Conspiracy theories and official stories. International Journal of Applied Philosophy, 17(2), 197–209.
                  {DiFonzo}, N., \&amp; Bordia, P. (2007). Rumor, gossip and urban legends. Diogenes, 54(1), 19-35.\&nbsp;
                  Fine, G. A. (2007). Rumor, trust and civil society: Collective memory and cultures of judgment. Diogenes, 54(1), 5-18.\&nbsp;
                  Foster, E. K. (2004). Research on gossip: Taxonomy, methods, and future directions. Review of General Psychology, 8(2), 78-99.\&nbsp;
                  Goertzel, T. (1994). Belief in conspiracy theories. Political Psychology, 15, 731–742.
                  Hofstadter, R. (2012). The paranoid style in American politics. New York: Vintage.
                  Karlova, N. A., \&amp; Fisher, K. E. (2013). A social diffusion model of misinformation and disinformation for understanding human information behaviour. Information Research, 18(1), paper 573.
                  Keeley, B. L. (1999). Of conspiracy theories. The Journal of Philosophy, 96(3), 109–126.
                  Lewandowsky, S., Stritzke, W. G. K., Freund, A. M, Oberauer, K., and Krueger, J. I. (2013). Misinformation, disinformation, and violent conflict: From Iraq and the ‘War on Terror’ to future threats to peace. American Psychologist, 68(7), 487-501.\&nbsp;
                  Losee, R. M. (1997). A discipline independent definition of information. Journal of the American Society for Information Science, 48(3), 254-269\&nbsp;
                  Rojecki, A., \&amp; Meraz, S. (2016). Rumors and factitious informational blends: The role of the web in speculative politics. New Media \&amp; Society, 18(1), 25-43.\&nbsp;
                  Rysman, A. (1977). How the ‘gossip’ became a woman. Journal of Communication, 27(1), 176-180.\&nbsp;
                  van Prooijen, J. W., \&amp; Van Vugt, M. (2018). Conspiracy theories: Evolved functions and psychological mechanisms. Perspectives on psychological science, 13(6), 770-788.
                  Zeng, J. (2018). Contesting rumours on social media during acute events: The 2014 Sydney siege and 2015 Tianjin blasts (Doctoral dissertation, Queensland University of Technology). Available at https://eprints.qut.edu.au/115786/.},
  journaltitle = {{DOCA} - Database of Variables for Content Analysis},
  author       = {Zeng, Jing},
  urldate      = {2025-02-27},
  date         = {2021-03-26},
  langid       = {english},
  keywords     = {Datasets, Content Analysis, Theory, Method},
  file         = {Full Text PDF:/Users/Yannick/Zotero/storage/PEKTZE2G/Zeng - 2021 - Theoretical typology of deceptive content (Conspir.pdf:application/pdf}
}

@article{zhao_effectiveness_2023,
  title        = {The effectiveness of using audio-visual based media intervention for promoting social media literacy skills to curtail fake news on social media: A quasi-experimental investigation},
  issn         = {0266-6669},
  url          = {https://doi.org/10.1177/02666669231217236},
  doi          = {10.1177/02666669231217236},
  shorttitle   = {The effectiveness of using audio-visual based media intervention for promoting social media literacy skills to curtail fake news on social media},
  abstract     = {This study experimented the effectiveness of using audio-visual-based media intervention for promoting social media literacy skills to curb fake news. We carried out a quasi-experiment in one public university’s faculty of communication and media studies. We randomly divided participants into three groups, including the control group (N = 235), audio-visual media-based group (N = 118) and non-audio-visual media-based group (N = 117). The experimental groups were exposed to 8 weeks of training to improve their social media literacy skills to fight fake news. The study showed that participants exposed to social media literacy skills through audio-visual-based intervention reported better social media knowledge, demonstrated a better ability to spot fake news, and the inclination to share accurate news from the list of fake news, compared to the non-audio-visual based intervention group and the control group. Overall, social media literacy skills were found to be impactful in fighting fake news. We recommend relevant authorities and organisations to intensify their efforts to improve the public's social media literacy to help halt the spread of misleading information. Audio-visual-based intervention should be employed to educate social media literacy, to boost the effectiveness of programmes to combat fake news.},
  pages        = {02666669231217236},
  journaltitle = {Information Development},
  author       = {Zhao, Hongxuan and Xu, Jing and Iyendo, Timothy Onosahwo and Apuke, Oberiri Destiny and Tunca, Elif Asude and Gever, Verlumun Celestine},
  urldate      = {2025-03-14},
  date         = {2023-12-21},
  note         = {Publisher: {SAGE} Publications Ltd},
  keywords     = {Project},
  file         = {SAGE PDF Full Text:/Users/Yannick/Zotero/storage/ZK6HQGX3/Zhao et al. - 2023 - The effectiveness of using audio-visual based medi.pdf:application/pdf}
}

@article{zhou_effects_2005,
  title        = {Effects of Arousing Visuals and Redundancy on Cognitive Assessment of Television News},
  volume       = {49},
  issn         = {0883-8151},
  url          = {https://doi.org/10.1207/s15506878jobem4901_3},
  doi          = {10.1207/s15506878jobem4901_3},
  abstract     = {This investigation examined the effects of arousing visuals and audiovisual redundancy on viewers' cognitive assessment of television news stories. Four dimensions of thoughts—salience, polarity, originality, and emotionality—were analyzed. Results showed that redundancy had main effects on all four dimensions, whereas arousing visuals affected two. It is argued that the introduction of emotional arousal in redundancy research, though complicating, paints a fuller picture of the phenomenon, and the study of these mental thought processes offers an alternative approach to the traditional attention and memory measures. Implications are discussed regarding redundancy research and appraisal of emotional stimuli.},
  pages        = {23--42},
  number       = {1},
  journaltitle = {Journal of Broadcasting \& Electronic Media},
  author       = {Zhou, Shuhua},
  urldate      = {2025-03-13},
  date         = {2005-03-01},
  langid       = {english},
  note         = {Publisher: Routledge
                  \_eprint: https://doi.org/10.1207/s15506878jobem4901\_3},
  keywords     = {Reception/Affection, Video retention \& arousal},
  file         = {Full Text PDF:/Users/Yannick/Zotero/storage/3ZUEFJWQ/Zhou - 2005 - Effects of Arousing Visuals and Redundancy on Cogn.pdf:application/pdf}
}

@book{zoglauer_konstruierte_2021,
  location   = {Wiesbaden},
  title      = {Konstruierte Wahrheiten: Wahrheit und Wissen im postfaktischen Zeitalter},
  rights     = {https://www.springer.com/tdm},
  isbn       = {978-3-658-34596-9 978-3-658-34597-6},
  url        = {https://link.springer.com/10.1007/978-3-658-34597-6},
  series     = {ars digitalis},
  shorttitle = {Konstruierte Wahrheiten},
  publisher  = {Springer Fachmedien Wiesbaden},
  author     = {Zoglauer, Thomas},
  urldate    = {2024-09-25},
  date       = {2021},
  langid     = {german},
  doi        = {10.1007/978-3-658-34597-6},
  file       = {Zoglauer - 2021 - Konstruierte Wahrheiten Wahrheit und Wissen im po.pdf:/Users/Yannick/Zotero/storage/TRYN34K5/Zoglauer - 2021 - Konstruierte Wahrheiten Wahrheit und Wissen im po.pdf:application/pdf}
}
